[
  {
    "symbol": "AIII",
    "end_date": "2014-12-31",
    "amend": "False",
    "period_focus": "FY",
    "fiscal_year": 2014,
    "doc_type": "10-K",
    "revenues": 6303,
    "op_income": "",
    "net_income": -2420640,
    "eps_basic": -0.24,
    "eps_diluted": -0.24,
    "dividend": 0,
    "assets": 24983544,
    "cur_assets": "",
    "cur_liab": "",
    "cash": 238267,
    "equity": 10204548,
    "cash_flow_op": -2793133,
    "cash_flow_inv": 872535,
    "cash_flow_fin": -1364002
  },
  {
    "symbol": "AMCO",
    "end_date": "2014-12-31",
    "amend": "False",
    "period_focus": "FY",
    "fiscal_year": 2014,
    "doc_type": "10-K",
    "revenues": 124186989,
    "op_income": 8498665,
    "net_income": 1866661,
    "eps_basic": 0.39,
    "eps_diluted": 0.39,
    "dividend": 0,
    "assets": 96024574,
    "cur_assets": 57072799,
    "cur_liab": 41438212,
    "cash": 1884887,
    "equity": 54586362,
    "cash_flow_op": 549785,
    "cash_flow_inv": 4443904,
    "cash_flow_fin": -2978214
  },
  {
    "symbol": "DSS",
    "end_date": "2014-12-31",
    "amend": "False",
    "period_focus": "FY",
    "fiscal_year": 2014,
    "doc_type": "10-K",
    "revenues": 18287496,
    "op_income": -46476576,
    "net_income": -41157052,
    "eps_basic": -0.98,
    "eps_diluted": -0.98,
    "dividend": 0,
    "assets": 27752618,
    "cur_assets": 6094571,
    "cur_liab": 3789345,
    "cash": 2343675,
    "equity": 15855799,
    "cash_flow_op": -2390238,
    "cash_flow_inv": -2274616,
    "cash_flow_fin": 5031498
  },
  {
    "symbol": "DPW",
    "end_date": "2014-12-31",
    "amend": "False",
    "period_focus": "FY",
    "fiscal_year": 2014,
    "doc_type": "10-K",
    "revenues": 9022000,
    "op_income": -542000,
    "net_income": -658000,
    "eps_basic": -0.097,
    "eps_diluted": -0.097,
    "dividend": 0,
    "assets": 6342000,
    "cur_assets": 5489000,
    "cur_liab": 1901000,
    "cash": 2110000,
    "equity": 4441000,
    "cash_flow_op": 669000,
    "cash_flow_inv": -119000,
    "cash_flow_fin": -90000
  },
  {
    "symbol": "ESTE",
    "end_date": "2014-12-31",
    "amend": "False",
    "period_focus": "FY",
    "fiscal_year": 2014,
    "doc_type": "10-K",
    "revenues": 47994000,
    "op_income": -10586000,
    "net_income": -28834000,
    "eps_basic": -3.11,
    "eps_diluted": -3.11,
    "dividend": 0,
    "assets": 451388000,
    "cur_assets": 129027000,
    "cur_liab": 88452000,
    "cash": 100447000,
    "equity": 316528000,
    "cash_flow_op": 75788000,
    "cash_flow_inv": -107437000,
    "cash_flow_fin": 106673000
  },
  {
    "symbol": "GSB",
    "end_date": "2014-12-31",
    "amend": "False",
    "period_focus": "FY",
    "fiscal_year": 2014,
    "doc_type": "10-K",
    "revenues": 26770000,
    "op_income": 4615000,
    "net_income": 3026000,
    "eps_basic": 0.15,
    "eps_diluted": 0.15,
    "dividend": 0,
    "assets": 38387000,
    "cur_assets": 18186000,
    "cur_liab": 14114000,
    "cash": 11358000,
    "equity": 20828000,
    "cash_flow_op": 8463000,
    "cash_flow_inv": -3162000,
    "cash_flow_fin": -3398000
  },
  {
    "symbol": "GV",
    "end_date": "2014-12-31",
    "amend": "False",
    "period_focus": "FY",
    "fiscal_year": 2014,
    "doc_type": "10-K",
    "revenues": 98363270,
    "op_income": 1382925,
    "net_income": -319061,
    "eps_basic": 0,
    "eps_diluted": 0,
    "dividend": 0,
    "assets": 79969936,
    "cur_assets": 38168583,
    "cur_liab": 18494987,
    "cash": 9822179,
    "equity": 30757671,
    "cash_flow_op": 7804213,
    "cash_flow_inv": -13008674,
    "cash_flow_fin": -5187929
  },
  {
    "symbol": "IDN",
    "end_date": "2014-12-31",
    "amend": "False",
    "period_focus": "FY",
    "fiscal_year": 2014,
    "doc_type": "10-K",
    "revenues": 6613056,
    "op_income": -7645169,
    "net_income": -7644230,
    "eps_basic": -1.59,
    "eps_diluted": -1.59,
    "dividend": 0,
    "assets": 15813707,
    "cur_assets": 3982327,
    "cur_liab": 2102071,
    "cash": 2966350,
    "equity": 13148037,
    "cash_flow_op": -2373886,
    "cash_flow_inv": -131473,
    "cash_flow_fin": 5247323
  },
  {
    "symbol": "NTN",
    "end_date": "2014-12-31",
    "amend": "False",
    "period_focus": "FY",
    "fiscal_year": 2014,
    "doc_type": "10-K",
    "revenues": 11438000,
    "op_income": -4742000,
    "net_income": -5030000,
    "eps_basic": -0.06,
    "eps_diluted": -0.06,
    "dividend": 0,
    "assets": 22268000,
    "cur_assets": 14872000,
    "cur_liab": 7093000,
    "cash": 7185000,
    "equity": 10924000,
    "cash_flow_op": -6385000,
    "cash_flow_inv": -1901000,
    "cash_flow_fin": 10081000
  },
  {
    "symbol": "RVM",
    "end_date": "2014-12-31",
    "amend": "False",
    "period_focus": "FY",
    "fiscal_year": 2014,
    "doc_type": "10-K",
    "revenues": 6000,
    "op_income": -63580000,
    "net_income": -61923000,
    "eps_basic": -1.63,
    "eps_diluted": -1.63,
    "dividend": 0,
    "assets": 31374000,
    "cur_assets": 7802000,
    "cur_liab": 6182000,
    "cash": 2896000,
    "equity": 20423000,
    "cash_flow_op": -8135000,
    "cash_flow_inv": -3399000,
    "cash_flow_fin": 6479000
  },
  {
    "symbol": "TOF",
    "end_date": "2014-12-27",
    "amend": "False",
    "period_focus": "FY",
    "fiscal_year": 2014,
    "doc_type": "10-K",
    "revenues": 14353000,
    "op_income": "",
    "net_income": -163000,
    "eps_basic": -0.03,
    "eps_diluted": -0.03,
    "dividend": 0,
    "assets": 4326000,
    "cur_assets": 4283000,
    "cur_liab": 1750000,
    "cash": 341000,
    "equity": 2554000,
    "cash_flow_op": 129000,
    "cash_flow_inv": "",
    "cash_flow_fin": -2000
  },
  {
    "symbol": "YUMA",
    "end_date": "2014-12-31",
    "amend": "False",
    "period_focus": "FY",
    "fiscal_year": 2014,
    "doc_type": "10-K",
    "revenues": 43336127,
    "op_income": -6801340,
    "net_income": -25814316,
    "eps_basic": -0.52,
    "eps_diluted": -0.52,
    "dividend": 0,
    "assets": 148105605,
    "cur_assets": 28192486,
    "cur_liab": 27178767,
    "cash": 11558322,
    "equity": 71056386,
    "cash_flow_op": 24466300,
    "cash_flow_inv": -18088363,
    "cash_flow_fin": 985874
  },
  {
    "symbol": "FPP",
    "end_date": "2014-12-31",
    "amend": "False",
    "period_focus": "FY",
    "fiscal_year": 2014,
    "doc_type": "10-K",
    "revenues": 9232297,
    "op_income": -2713048,
    "net_income": -1947940,
    "eps_basic": -0.24,
    "eps_diluted": -0.24,
    "dividend": 0,
    "assets": 22897629,
    "cur_assets": 2430538,
    "cur_liab": 862685,
    "cash": 978145,
    "equity": 10967901,
    "cash_flow_op": 3765859,
    "cash_flow_inv": -6132396,
    "cash_flow_fin": 696195
  },
  {
    "symbol": "XPL",
    "end_date": "2014-12-31",
    "amend": "False",
    "period_focus": "FY",
    "fiscal_year": 2014,
    "doc_type": "10-K",
    "revenues": 3128000,
    "op_income": 1843000,
    "net_income": -1843000,
    "eps_basic": -0.05,
    "eps_diluted": -0.05,
    "dividend": 0,
    "assets": 19040000,
    "cur_assets": 3217000,
    "cur_liab": 5204000,
    "cash": 869000,
    "equity": 6781000,
    "cash_flow_op": -1610000,
    "cash_flow_inv": -1691000,
    "cash_flow_fin": 2078000
  },
  {
    "symbol": "FWV",
    "end_date": "2014-12-31",
    "amend": "False",
    "period_focus": "FY",
    "fiscal_year": 2014,
    "doc_type": "10-K",
    "revenues": 1559369,
    "op_income": "",
    "net_income": 1903905,
    "eps_basic": 1.11,
    "eps_diluted": 1.11,
    "dividend": 0.8,
    "assets": 332390474,
    "cur_assets": "",
    "cur_liab": "",
    "cash": 20396400,
    "equity": 34871592,
    "cash_flow_op": 2714254,
    "cash_flow_inv": 175513,
    "cash_flow_fin": -14368342
  },
  {
    "symbol": "HTM",
    "end_date": "2014-12-31",
    "amend": "True",
    "period_focus": "FY",
    "fiscal_year": 2015,
    "doc_type": "10-K",
    "revenues": 30968782,
    "op_income": "",
    "net_income": 11613711,
    "eps_basic": 0.11,
    "eps_diluted": 0.09,
    "dividend": 0,
    "assets": 232914304,
    "cur_assets": 23443248,
    "cur_liab": 6249332,
    "cash": 12994975,
    "equity": 130888621,
    "cash_flow_op": 12802371,
    "cash_flow_inv": -10520428,
    "cash_flow_fin": -18023902
  },
  {
    "symbol": "TGC",
    "end_date": "2014-12-31",
    "amend": "False",
    "period_focus": "FY",
    "fiscal_year": 2014,
    "doc_type": "10-K",
    "revenues": 13788000,
    "op_income": -739000,
    "net_income": -788000,
    "eps_basic": -0.01,
    "eps_diluted": -0.01,
    "dividend": 0,
    "assets": 37029000,
    "cur_assets": 2095000,
    "cur_liab": 2028000,
    "cash": 35000,
    "equity": 32169000,
    "cash_flow_op": 6571000,
    "cash_flow_inv": -3994000,
    "cash_flow_fin": -2596000
  },
  {
    "symbol": "AMBA",
    "end_date": "2015-01-31",
    "amend": "False",
    "period_focus": "FY",
    "fiscal_year": 2015,
    "doc_type": "10-K",
    "revenues": 218278000,
    "op_income": 51861000,
    "net_income": 50571000,
    "eps_basic": 1.7,
    "eps_diluted": 1.57,
    "dividend": 0,
    "assets": 284284000,
    "cur_assets": 275371000,
    "cur_liab": 45482000,
    "cash": 170291000,
    "equity": 237211000,
    "cash_flow_op": 52258000,
    "cash_flow_inv": -40061000,
    "cash_flow_fin": 14700000
  },
  {
    "symbol": "AETI",
    "end_date": "2014-12-31",
    "amend": "False",
    "period_focus": "FY",
    "fiscal_year": 2014,
    "doc_type": "10-K",
    "revenues": 57254000,
    "op_income": -3895000,
    "net_income": -5072000,
    "eps_basic": -0.62,
    "eps_diluted": -0.62,
    "dividend": 0,
    "assets": 43254000,
    "cur_assets": 21935000,
    "cur_liab": 10587000,
    "cash": 3550000,
    "equity": 21272000,
    "cash_flow_op": -2209000,
    "cash_flow_inv": -2039000,
    "cash_flow_fin": 2848000
  },
  {
    "symbol": "ARCP",
    "end_date": "2014-12-31",
    "amend": "False",
    "period_focus": "FY",
    "fiscal_year": 2014,
    "doc_type": "10-K",
    "revenues": 1579257000,
    "op_income": -378680000,
    "net_income": -977185000,
    "eps_basic": -1.36,
    "eps_diluted": -1.36,
    "dividend": 0,
    "assets": 20515139000,
    "cur_assets": "",
    "cur_liab": "",
    "cash": 416711000,
    "equity": 9382330000,
    "cash_flow_op": 502887000,
    "cash_flow_inv": -2554456000,
    "cash_flow_fin": 2415555000
  },
  {
    "symbol": "ARCI",
    "end_date": "2015-01-03",
    "amend": "False",
    "period_focus": "FY",
    "fiscal_year": 2013,
    "doc_type": "10-K",
    "revenues": 130930000,
    "op_income": 2551000,
    "net_income": 771000,
    "eps_basic": 0.14,
    "eps_diluted": 0.13,
    "dividend": 0,
    "assets": 46746000,
    "cur_assets": 34263000,
    "cur_liab": 23973000,
    "cash": 3523000,
    "equity": 16238000,
    "cash_flow_op": 3595000,
    "cash_flow_inv": -302000,
    "cash_flow_fin": -1523000
  },
  {
    "symbol": "ASUR",
    "end_date": "2014-12-31",
    "amend": "False",
    "period_focus": "FY",
    "fiscal_year": 2014,
    "doc_type": "10-K",
    "revenues": 27206000,
    "op_income": 1584000,
    "net_income": -262000,
    "eps_basic": -0.04,
    "eps_diluted": -0.04,
    "dividend": 0,
    "assets": 34468000,
    "cur_assets": 7088000,
    "cur_liab": 14402000,
    "cash": 320000,
    "equity": 4471000,
    "cash_flow_op": 2706000,
    "cash_flow_inv": -4200000,
    "cash_flow_fin": -2147000
  },
  {
    "symbol": "AAME",
    "end_date": "2014-12-31",
    "amend": "False",
    "period_focus": "FY",
    "fiscal_year": 2014,
    "doc_type": "10-K",
    "revenues": 166321000,
    "op_income": 2583000,
    "net_income": 3962000,
    "eps_basic": 0.19,
    "eps_diluted": 0.19,
    "dividend": 0,
    "assets": 317008000,
    "cur_assets": "",
    "cur_liab": "",
    "cash": 16375000,
    "equity": 104195000,
    "cash_flow_op": 4453000,
    "cash_flow_inv": -9606000,
    "cash_flow_fin": -11574000
  },
  {
    "symbol": "ATOS",
    "end_date": "2014-12-31",
    "amend": "False",
    "period_focus": "FY",
    "fiscal_year": 2014,
    "doc_type": "10-K",
    "revenues": 525954,
    "op_income": -14642417,
    "net_income": -14657926,
    "eps_basic": -0.61,
    "eps_diluted": -0.61,
    "dividend": 0,
    "assets": 11764002,
    "cur_assets": 9085671,
    "cur_liab": 2214176,
    "cash": 8500718,
    "equity": 9498127,
    "cash_flow_op": -10555450,
    "cash_flow_inv": -343257,
    "cash_flow_fin": 13057264
  },
  {
    "symbol": "BSF",
    "end_date": "2014-12-31",
    "amend": "False",
    "period_focus": "FY",
    "fiscal_year": 2014,
    "doc_type": "10-K",
    "revenues": 52530000,
    "op_income": "",
    "net_income": 24306000,
    "eps_basic": 0.86,
    "eps_diluted": 0.84,
    "dividend": 0,
    "assets": 1514595000,
    "cur_assets": "",
    "cur_liab": "",
    "cash": 25971000,
    "equity": 170454000,
    "cash_flow_op": 5526000,
    "cash_flow_inv": 3847000,
    "cash_flow_fin": 79743000
  },
  {
    "symbol": "BDMS",
    "end_date": "2014-12-31",
    "amend": "False",
    "period_focus": "FY",
    "fiscal_year": 2014,
    "doc_type": "10-K",
    "revenues": 65125600,
    "op_income": -1210669,
    "net_income": -923634,
    "eps_basic": -0.5,
    "eps_diluted": -0.5,
    "dividend": 0.88,
    "assets": 24577033,
    "cur_assets": 4664691,
    "cur_liab": 6988564,
    "cash": 310229,
    "equity": 3757062,
    "cash_flow_op": 4348756,
    "cash_flow_inv": -4684212,
    "cash_flow_fin": 175858
  },
  {
    "symbol": "BYFC",
    "end_date": "2014-12-31",
    "amend": "False",
    "period_focus": "FY",
    "fiscal_year": 2014,
    "doc_type": "10-K",
    "revenues": 16814000,
    "op_income": "",
    "net_income": 2529000,
    "eps_basic": 0.11,
    "eps_diluted": 0.11,
    "dividend": 0,
    "assets": 350863000,
    "cur_assets": "",
    "cur_liab": "",
    "cash": 5740000,
    "equity": 37258000,
    "cash_flow_op": 1309000,
    "cash_flow_inv": -54370000,
    "cash_flow_fin": 15655000
  },
  {
    "symbol": "CALA",
    "end_date": "2014-12-31",
    "amend": "False",
    "period_focus": "FY",
    "fiscal_year": 2014,
    "doc_type": "10-K",
    "revenues": "",
    "op_income": -21721000,
    "net_income": -21712000,
    "eps_basic": -4.67,
    "eps_diluted": -4.67,
    "dividend": 0,
    "assets": 104770000,
    "cur_assets": 103863000,
    "cur_liab": 4121000,
    "cash": 101969000,
    "equity": 100366000,
    "cash_flow_op": -19231000,
    "cash_flow_inv": -486000,
    "cash_flow_fin": 87866000
  },
  {
    "symbol": "CALM",
    "end_date": "2015-02-28",
    "amend": "False",
    "period_focus": "Q3",
    "fiscal_year": 2015,
    "doc_type": "10-Q",
    "revenues": 437556000,
    "op_income": 72025000,
    "net_income": 50882000,
    "eps_basic": 1.06,
    "eps_diluted": 1.05,
    "dividend": 0.35,
    "assets": 900749000,
    "cur_assets": 493816000,
    "cur_liab": 135887000,
    "cash": 13034000,
    "equity": 672926000,
    "cash_flow_op": 136354000,
    "cash_flow_inv": -97296000,
    "cash_flow_fin": -40545000
  },
  {
    "symbol": "CPHC",
    "end_date": "2014-12-31",
    "amend": "False",
    "period_focus": "FY",
    "fiscal_year": 2014,
    "doc_type": "10-K",
    "revenues": 48469837,
    "op_income": 4099925,
    "net_income": 2411155,
    "eps_basic": 0.58,
    "eps_diluted": 0.57,
    "dividend": 0,
    "assets": 39495679,
    "cur_assets": 11393400,
    "cur_liab": 6028373,
    "cash": 8761925,
    "equity": 30995172,
    "cash_flow_op": 4590111,
    "cash_flow_inv": -4669269,
    "cash_flow_fin": 101874
  },
  {
    "symbol": "CARA",
    "end_date": "2014-12-31",
    "amend": "False",
    "period_focus": "FY",
    "fiscal_year": 2014,
    "doc_type": "10-K",
    "revenues": 3177000,
    "op_income": -18072000,
    "net_income": -17745000,
    "eps_basic": -0.85,
    "eps_diluted": -0.85,
    "dividend": 0,
    "assets": 55934000,
    "cur_assets": 53150000,
    "cur_liab": 3398000,
    "cash": 52663000,
    "equity": 51662000,
    "cash_flow_op": -17642000,
    "cash_flow_inv": -42000,
    "cash_flow_fin": 57990000
  },
  {
    "symbol": "CASI",
    "end_date": "2014-12-31",
    "amend": "False",
    "period_focus": "FY",
    "fiscal_year": 2014,
    "doc_type": "10-K",
    "revenues": 23727,
    "op_income": "",
    "net_income": -26202308,
    "eps_basic": -0.92,
    "eps_diluted": -0.92,
    "dividend": 0,
    "assets": 11309588,
    "cur_assets": 11021796,
    "cur_liab": 919048,
    "cash": 10669919,
    "equity": -422210,
    "cash_flow_op": -3995426,
    "cash_flow_inv": -466326,
    "cash_flow_fin": 0
  },
  {
    "symbol": "CLDN",
    "end_date": "2014-12-31",
    "amend": "False",
    "period_focus": "FY",
    "fiscal_year": 2014,
    "doc_type": "10-K",
    "revenues": "",
    "op_income": -33018000,
    "net_income": -33853000,
    "eps_basic": -1.82,
    "eps_diluted": -1.82,
    "dividend": 0,
    "assets": 89110000,
    "cur_assets": 88083000,
    "cur_liab": 6606000,
    "cash": 14435000,
    "equity": 72104000,
    "cash_flow_op": -29259000,
    "cash_flow_inv": -61188000,
    "cash_flow_fin": 96979000
  },
  {
    "symbol": "CFBK",
    "end_date": "2014-12-31",
    "amend": "True",
    "period_focus": "FY",
    "fiscal_year": 2014,
    "doc_type": "10-K",
    "revenues": 12103000,
    "op_income": "",
    "net_income": 58000,
    "eps_basic": 0,
    "eps_diluted": 0,
    "dividend": 0,
    "assets": 315588000,
    "cur_assets": "",
    "cur_liab": "",
    "cash": 28207000,
    "equity": 34509000,
    "cash_flow_op": 1055000,
    "cash_flow_inv": -50917000,
    "cash_flow_fin": 58909000
  },
  {
    "symbol": "CPGI",
    "end_date": "2014-12-31",
    "amend": "False",
    "period_focus": "FY",
    "fiscal_year": 2014,
    "doc_type": "10-K",
    "revenues": 152575962,
    "op_income": "",
    "net_income": 2586605,
    "eps_basic": 0.07,
    "eps_diluted": 0.07,
    "dividend": 0,
    "assets": 170960951,
    "cur_assets": 83890435,
    "cur_liab": 53207882,
    "cash": 10909547,
    "equity": 113253069,
    "cash_flow_op": 23961930,
    "cash_flow_inv": -13220178,
    "cash_flow_fin": -6361570
  },
  {
    "symbol": "ANF",
    "end_date": "2015-01-31",
    "amend": "False",
    "period_focus": "FY",
    "fiscal_year": 2014,
    "doc_type": "10-K",
    "revenues": 3744030000,
    "op_income": 113519000,
    "net_income": 51821000,
    "eps_basic": 0.72,
    "eps_diluted": 0.71,
    "dividend": 0.8,
    "assets": 2505167000,
    "cur_assets": 1164972000,
    "cur_liab": 485956000,
    "cash": 520708000,
    "equity": 1389701000,
    "cash_flow_op": 312480000,
    "cash_flow_inv": -175074000,
    "cash_flow_fin": -181453000
  },
  {
    "symbol": "CWS",
    "end_date": "2014-12-31",
    "amend": "False",
    "period_focus": "FY",
    "fiscal_year": 2014,
    "doc_type": "10-K",
    "revenues": 75958676,
    "op_income": 8909909,
    "net_income": 4266417,
    "eps_basic": 1.15,
    "eps_diluted": 1.15,
    "dividend": 0,
    "assets": 107813745,
    "cur_assets": 34090188,
    "cur_liab": 10492942,
    "cash": 7835791,
    "equity": 97320803,
    "cash_flow_op": 12158014,
    "cash_flow_inv": -7067125,
    "cash_flow_fin": 1623691
  },
  {
    "symbol": "CLRO",
    "end_date": "2014-12-31",
    "amend": "False",
    "period_focus": "FY",
    "fiscal_year": 2014,
    "doc_type": "10-K",
    "revenues": 57909000,
    "op_income": 7975000,
    "net_income": 5596000,
    "eps_basic": 0.61,
    "eps_diluted": 0.58,
    "dividend": 0,
    "assets": 88860000,
    "cur_assets": 44781000,
    "cur_liab": 10755000,
    "cash": 7440000,
    "equity": 76016000,
    "cash_flow_op": 6710000,
    "cash_flow_inv": -14416000,
    "cash_flow_fin": -2019000
  },
  {
    "symbol": "ARO",
    "end_date": "2015-01-31",
    "amend": "False",
    "period_focus": "FY",
    "fiscal_year": 2014,
    "doc_type": "10-K",
    "revenues": 1838663000,
    "op_income": -213138000,
    "net_income": -206458000,
    "eps_basic": -2.62,
    "eps_diluted": -2.62,
    "dividend": 0,
    "assets": 512189000,
    "cur_assets": 349287000,
    "cur_liab": 198849000,
    "cash": 151750000,
    "equity": 93552000,
    "cash_flow_op": -55710000,
    "cash_flow_inv": -25844000,
    "cash_flow_fin": 127719000
  },
  {
    "symbol": "COBK",
    "end_date": "2014-12-31",
    "amend": "False",
    "period_focus": "FY",
    "fiscal_year": 2014,
    "doc_type": "10-K",
    "revenues": 1986000,
    "op_income": "",
    "net_income": 535000,
    "eps_basic": 0.14,
    "eps_diluted": 0.14,
    "dividend": 0,
    "assets": 541624000,
    "cur_assets": "",
    "cur_liab": "",
    "cash": 16686000,
    "equity": 63837000,
    "cash_flow_op": 838000,
    "cash_flow_inv": 38927000,
    "cash_flow_fin": -46483000
  },
  {
    "symbol": "CTIB",
    "end_date": "2014-12-31",
    "amend": "False",
    "period_focus": "FY",
    "fiscal_year": 2014,
    "doc_type": "10-K",
    "revenues": 57828200,
    "op_income": 1609182,
    "net_income": 514318,
    "eps_basic": 0.16,
    "eps_diluted": 0.15,
    "dividend": 0,
    "assets": 43046910,
    "cur_assets": 32473926,
    "cur_liab": 20929377,
    "cash": 150332,
    "equity": 12807369,
    "cash_flow_op": -3355112,
    "cash_flow_inv": -1174191,
    "cash_flow_fin": 3974935
  },
  {
    "symbol": "DAIO",
    "end_date": "2014-12-31",
    "amend": "False",
    "period_focus": "FY",
    "fiscal_year": 2014,
    "doc_type": "10-K",
    "revenues": 21924000,
    "op_income": 1107000,
    "net_income": 1099000,
    "eps_basic": 0.14,
    "eps_diluted": 0.14,
    "dividend": 0,
    "assets": 19332000,
    "cur_assets": 18341000,
    "cur_liab": 5278000,
    "cash": 9361000,
    "equity": 13871000,
    "cash_flow_op": 739000,
    "cash_flow_inv": 1402000,
    "cash_flow_fin": 35000
  },
  {
    "symbol": "ENFC",
    "end_date": "2014-12-31",
    "amend": "False",
    "period_focus": "FY",
    "fiscal_year": 2014,
    "doc_type": "10-K",
    "revenues": 38568000,
    "op_income": "",
    "net_income": 5943000,
    "eps_basic": 0.91,
    "eps_diluted": 0.91,
    "dividend": 0,
    "assets": 903648000,
    "cur_assets": "",
    "cur_liab": "",
    "cash": 7860000,
    "equity": 107319000,
    "cash_flow_op": -1893000,
    "cash_flow_inv": -81283000,
    "cash_flow_fin": 102542000
  },
  {
    "symbol": "WATT",
    "end_date": "2014-12-31",
    "amend": "False",
    "period_focus": "FY",
    "fiscal_year": 2014,
    "doc_type": "10-K",
    "revenues": "",
    "op_income": -20374709,
    "net_income": -45603110,
    "eps_basic": -5.75,
    "eps_diluted": -5.75,
    "dividend": 0,
    "assets": 33828923,
    "cur_assets": 31991956,
    "cur_liab": 2508360,
    "cash": 31494592,
    "equity": 31320563,
    "cash_flow_op": -15606423,
    "cash_flow_inv": -1619694,
    "cash_flow_fin": 46766929
  },
  {
    "symbol": "EPRS",
    "end_date": "2014-12-31",
    "amend": "False",
    "period_focus": "FY",
    "fiscal_year": 2014,
    "doc_type": "10-K",
    "revenues": 996000,
    "op_income": -39255000,
    "net_income": -41844000,
    "eps_basic": -6.81,
    "eps_diluted": -6.81,
    "dividend": 0,
    "assets": 51389000,
    "cur_assets": 23018000,
    "cur_liab": 7376000,
    "cash": 21462000,
    "equity": 32401000,
    "cash_flow_op": -35470000,
    "cash_flow_inv": 12293000,
    "cash_flow_fin": 42841000
  },
  {
    "symbol": "FSC",
    "end_date": "2014-12-31",
    "amend": "False",
    "period_focus": "FY",
    "fiscal_year": 2014,
    "doc_type": "10-K",
    "revenues": 103206061,
    "op_income": "",
    "net_income": 528577,
    "eps_basic": 0.09,
    "eps_diluted": 0.09,
    "dividend": 0,
    "assets": 114147838,
    "cur_assets": "",
    "cur_liab": "",
    "cash": 3238008,
    "equity": 23884335,
    "cash_flow_op": 60653136,
    "cash_flow_inv": -15139158,
    "cash_flow_fin": -46291698
  },
  {
    "symbol": "FCAP",
    "end_date": "2014-12-31",
    "amend": "False",
    "period_focus": "FY",
    "fiscal_year": 2014,
    "doc_type": "10-K",
    "revenues": 23335000,
    "op_income": 7919000,
    "net_income": 5594000,
    "eps_basic": 2.03,
    "eps_diluted": 2.03,
    "dividend": 0.84,
    "assets": 472761000,
    "cur_assets": "",
    "cur_liab": "",
    "cash": 33243000,
    "equity": 57233000,
    "cash_flow_op": 3818000,
    "cash_flow_inv": -421000,
    "cash_flow_fin": -3220000
  },
  {
    "symbol": "FCCO",
    "end_date": "2014-12-31",
    "amend": "False",
    "period_focus": "FY",
    "fiscal_year": 2013,
    "doc_type": "10-K",
    "revenues": 5919000,
    "op_income": "",
    "net_income": 5121000,
    "eps_basic": 0.78,
    "eps_diluted": 0.78,
    "dividend": 0,
    "assets": 812363000,
    "cur_assets": "",
    "cur_liab": "",
    "cash": 12480000,
    "equity": 74528000,
    "cash_flow_op": 12007000,
    "cash_flow_inv": -35206000,
    "cash_flow_fin": 31565000
  },
  {
    "symbol": "FNTCU",
    "end_date": "2015-01-31",
    "amend": "False",
    "period_focus": "Q1",
    "fiscal_year": 2015,
    "doc_type": "10-Q",
    "revenues": "",
    "op_income": "",
    "net_income": -6774,
    "eps_basic": 0,
    "eps_diluted": 0,
    "dividend": 0,
    "assets": 434022,
    "cur_assets": "",
    "cur_liab": "",
    "cash": 29223,
    "equity": -10113,
    "cash_flow_op": -350,
    "cash_flow_inv": "",
    "cash_flow_fin": 24835
  },
  {
    "symbol": "FFNM",
    "end_date": "2014-12-31",
    "amend": "False",
    "period_focus": "FY",
    "fiscal_year": 2013,
    "doc_type": "10-K",
    "revenues": 12578000,
    "op_income": "",
    "net_income": 2249000,
    "eps_basic": 0.7,
    "eps_diluted": 0.7,
    "dividend": 0.08,
    "assets": 325867000,
    "cur_assets": "",
    "cur_liab": "",
    "cash": 11205000,
    "equity": 30536000,
    "cash_flow_op": 1713000,
    "cash_flow_inv": -5778000,
    "cash_flow_fin": 12771000
  },
  {
    "symbol": "CRCM",
    "end_date": "2014-12-27",
    "amend": "False",
    "period_focus": "FY",
    "fiscal_year": 2014,
    "doc_type": "10-K",
    "revenues": 116713000,
    "op_income": -77188000,
    "net_income": -80296000,
    "eps_basic": -2.77,
    "eps_diluted": -2.77,
    "dividend": 0,
    "assets": 173104000,
    "cur_assets": 86060000,
    "cur_liab": 42226000,
    "cash": 71881000,
    "equity": 118050000,
    "cash_flow_op": -24284000,
    "cash_flow_inv": -29269000,
    "cash_flow_fin": 94585000
  },
  {
    "symbol": "CATO",
    "end_date": "2014-02-01",
    "amend": "False",
    "period_focus": "FY",
    "fiscal_year": 2013,
    "doc_type": "10-K",
    "revenues": 910500000,
    "op_income": "",
    "net_income": 53438000,
    "eps_basic": 1.86,
    "eps_diluted": 1.86,
    "dividend": 0.2,
    "assets": 596918000,
    "cur_assets": 446748000,
    "cur_liab": 177131000,
    "cash": 79427000,
    "equity": 391109000,
    "cash_flow_op": 92959000,
    "cash_flow_inv": -32933000,
    "cash_flow_fin": -11668000
  },
  {
    "symbol": "FES",
    "end_date": "2014-12-31",
    "amend": "False",
    "period_focus": "FY",
    "fiscal_year": 2014,
    "doc_type": "10-K",
    "revenues": 449278000,
    "op_income": 16838000,
    "net_income": -9097000,
    "eps_basic": -0.42,
    "eps_diluted": -0.42,
    "dividend": 0,
    "assets": 483613000,
    "cur_assets": 129896000,
    "cur_liab": 50782000,
    "cash": 34918000,
    "equity": 113889000,
    "cash_flow_op": 47244000,
    "cash_flow_inv": -32447000,
    "cash_flow_fin": -6288000
  },
  {
    "symbol": "FRAN",
    "end_date": "2015-01-31",
    "amend": "False",
    "period_focus": "FY",
    "fiscal_year": 2014,
    "doc_type": "10-K",
    "revenues": 377497000,
    "op_income": 52774000,
    "net_income": 32108000,
    "eps_basic": 0.76,
    "eps_diluted": 0.76,
    "dividend": 0,
    "assets": 165545000,
    "cur_assets": 85899000,
    "cur_liab": 23454000,
    "cash": 39071000,
    "equity": 109214000,
    "cash_flow_op": 54444000,
    "cash_flow_inv": -24242000,
    "cash_flow_fin": -28629000
  },
  {
    "symbol": "FSBW",
    "end_date": "2014-12-31",
    "amend": "False",
    "period_focus": "FY",
    "fiscal_year": 2014,
    "doc_type": "10-K",
    "revenues": 34875000,
    "op_income": "",
    "net_income": 4540000,
    "eps_basic": 1.52,
    "eps_diluted": 1.52,
    "dividend": 0.22,
    "assets": 509754000,
    "cur_assets": "",
    "cur_liab": "",
    "cash": 10799000,
    "equity": 65836000,
    "cash_flow_op": -4027000,
    "cash_flow_inv": -99890000,
    "cash_flow_fin": 81013000
  },
  {
    "symbol": "FSNN",
    "end_date": "2014-12-31",
    "amend": "False",
    "period_focus": "FY",
    "fiscal_year": 2014,
    "doc_type": "10-K",
    "revenues": 92052600,
    "op_income": -1775031,
    "net_income": -4313345,
    "eps_basic": -0.92,
    "eps_diluted": -0.92,
    "dividend": 0,
    "assets": 73747494,
    "cur_assets": 14460054,
    "cur_liab": 12358645,
    "cash": 6444683,
    "equity": 13289764,
    "cash_flow_op": 2160915,
    "cash_flow_inv": -9327900,
    "cash_flow_fin": 7435093
  },
  {
    "symbol": "GTWN",
    "end_date": "2014-12-31",
    "amend": "False",
    "period_focus": "FY",
    "fiscal_year": 2014,
    "doc_type": "10-K",
    "revenues": 12248000,
    "op_income": "",
    "net_income": 1479000,
    "eps_basic": 0.85,
    "eps_diluted": 0.85,
    "dividend": 0.1675,
    "assets": 271020000,
    "cur_assets": "",
    "cur_liab": "",
    "cash": 2382000,
    "equity": 30712000,
    "cash_flow_op": 1481000,
    "cash_flow_inv": -8356000,
    "cash_flow_fin": 5498000
  },
  {
    "symbol": "GIII",
    "end_date": "2015-01-31",
    "amend": "False",
    "period_focus": "FY",
    "fiscal_year": 2015,
    "doc_type": "10-K",
    "revenues": 2116855000,
    "op_income": 164895000,
    "net_income": 110361000,
    "eps_basic": 5.1,
    "eps_diluted": 4.97,
    "dividend": 0,
    "assets": 1046718000,
    "cur_assets": 798866000,
    "cur_liab": 241163000,
    "cash": 128354000,
    "equity": 761258000,
    "cash_flow_op": 81600000,
    "cash_flow_inv": -39355000,
    "cash_flow_fin": 66378000
  },
  {
    "symbol": "GEVO",
    "end_date": "2014-12-31",
    "amend": "False",
    "period_focus": "FY",
    "fiscal_year": 2014,
    "doc_type": "10-K",
    "revenues": 28266000,
    "op_income": -39777000,
    "net_income": -41145000,
    "eps_basic": -0.51,
    "eps_diluted": -0.51,
    "dividend": 0,
    "assets": 98928000,
    "cur_assets": 13744000,
    "cur_liab": 12025000,
    "cash": 6359000,
    "equity": 46964000,
    "cash_flow_op": -38990000,
    "cash_flow_inv": -7505000,
    "cash_flow_fin": 28229000
  },
  {
    "symbol": "GRBK",
    "end_date": "2014-12-31",
    "amend": "False",
    "period_focus": "FY",
    "fiscal_year": 2014,
    "doc_type": "10-K",
    "revenues": 200650000,
    "op_income": "",
    "net_income": 50026000,
    "eps_basic": 3.4,
    "eps_diluted": 3.4,
    "dividend": 0,
    "assets": 400325000,
    "cur_assets": "",
    "cur_liab": "",
    "cash": 21267000,
    "equity": 181597000,
    "cash_flow_op": 2628000,
    "cash_flow_inv": 11759000,
    "cash_flow_fin": -9803000
  },
  {
    "symbol": "CAG",
    "end_date": "2015-02-22",
    "amend": "False",
    "period_focus": "Q3",
    "fiscal_year": 2015,
    "doc_type": "10-Q",
    "revenues": 3876700000,
    "op_income": -852200000,
    "net_income": -954100000,
    "eps_basic": -2.23,
    "eps_diluted": -2.23,
    "dividend": 0.25,
    "assets": 17868900000,
    "cur_assets": 3923300000,
    "cur_liab": 3716900000,
    "cash": 137300000,
    "equity": 4538600000,
    "cash_flow_op": 740500000,
    "cash_flow_inv": 132200000,
    "cash_flow_fin": -910800000
  },
  {
    "symbol": "GFED",
    "end_date": "2014-12-31",
    "amend": "False",
    "period_focus": "FY",
    "fiscal_year": 2014,
    "doc_type": "10-K",
    "revenues": 16069,
    "op_income": "",
    "net_income": 5425486,
    "eps_basic": 1.35,
    "eps_diluted": 1.33,
    "dividend": 0.05,
    "assets": 628459644,
    "cur_assets": "",
    "cur_liab": "",
    "cash": 12493890,
    "equity": 61476847,
    "cash_flow_op": 9499989,
    "cash_flow_inv": -9983354,
    "cash_flow_fin": 674055
  },
  {
    "symbol": "HTBX",
    "end_date": "2014-12-31",
    "amend": "False",
    "period_focus": "FY",
    "fiscal_year": 2014,
    "doc_type": "10-K",
    "revenues": 40570,
    "op_income": -12186927,
    "net_income": -11788817,
    "eps_basic": -1.83,
    "eps_diluted": -1.83,
    "dividend": 0,
    "assets": 15916170,
    "cur_assets": 15276513,
    "cur_liab": 2570859,
    "cash": 3714304,
    "equity": 11031187,
    "cash_flow_op": -9829427,
    "cash_flow_inv": 5966303,
    "cash_flow_fin": 3010436
  },
  {
    "symbol": "HMNY",
    "end_date": "2014-12-31",
    "amend": "False",
    "period_focus": "FY",
    "fiscal_year": 2014,
    "doc_type": "10-K",
    "revenues": 10641681,
    "op_income": -182719,
    "net_income": -177712,
    "eps_basic": -0.08,
    "eps_diluted": -0.08,
    "dividend": 0.08,
    "assets": 4627731,
    "cur_assets": 2521962,
    "cur_liab": 618181,
    "cash": 1225518,
    "equity": 4009550,
    "cash_flow_op": 788157,
    "cash_flow_inv": -14249,
    "cash_flow_fin": -186435
  },
  {
    "symbol": "CYNI",
    "end_date": "2014-12-31",
    "amend": "False",
    "period_focus": "FY",
    "fiscal_year": 2014,
    "doc_type": "10-K",
    "revenues": 100483000,
    "op_income": "",
    "net_income": -59224000,
    "eps_basic": -1.26,
    "eps_diluted": -1.26,
    "dividend": 0,
    "assets": 115675000,
    "cur_assets": 92174000,
    "cur_liab": 28806000,
    "cash": 47740000,
    "equity": 29944000,
    "cash_flow_op": -42101000,
    "cash_flow_inv": 15261000,
    "cash_flow_fin": 42156000
  },
  {
    "symbol": "CELP",
    "end_date": "2014-12-31",
    "amend": "False",
    "period_focus": "FY",
    "fiscal_year": 2014,
    "doc_type": "10-K",
    "revenues": 404418000,
    "op_income": -11149000,
    "net_income": -15179000,
    "eps_basic": -1.72,
    "eps_diluted": -1.72,
    "dividend": 0,
    "assets": 189842000,
    "cur_assets": 77340000,
    "cur_liab": 11343000,
    "cash": 20757000,
    "equity": 0,
    "cash_flow_op": 13016000,
    "cash_flow_inv": -2286000,
    "cash_flow_fin": -16030000
  },
  {
    "symbol": "DRI",
    "end_date": "2015-02-22",
    "amend": "False",
    "period_focus": "Q3",
    "fiscal_year": 2015,
    "doc_type": "10-Q",
    "revenues": 1730900000,
    "op_income": "",
    "net_income": 133800000,
    "eps_basic": 1.07,
    "eps_diluted": 1.05,
    "dividend": 0.55,
    "assets": 6002900000,
    "cur_assets": 981900000,
    "cur_liab": 1350800000,
    "cash": 436200000,
    "equity": 2237800000,
    "cash_flow_op": 556000000,
    "cash_flow_inv": -208800000,
    "cash_flow_fin": -1776700000
  },
  {
    "symbol": "HBMD",
    "end_date": "2014-12-31",
    "amend": "False",
    "period_focus": "FY",
    "fiscal_year": 2014,
    "doc_type": "10-K",
    "revenues": 46616000,
    "op_income": "",
    "net_income": 10286000,
    "eps_basic": 2.53,
    "eps_diluted": 2.48,
    "dividend": 0,
    "assets": 691416000,
    "cur_assets": "",
    "cur_liab": "",
    "cash": 24517000,
    "equity": 59643000,
    "cash_flow_op": -31112000,
    "cash_flow_inv": 11413000,
    "cash_flow_fin": 8480000
  },
  {
    "symbol": "HPJ",
    "end_date": "2014-12-31",
    "amend": "False",
    "period_focus": "FY",
    "fiscal_year": 2014,
    "doc_type": "10-K",
    "revenues": 147088166,
    "op_income": 3215546,
    "net_income": 2753236,
    "eps_basic": 0.19,
    "eps_diluted": 0.18,
    "dividend": 0,
    "assets": 146154072,
    "cur_assets": 89163853,
    "cur_liab": 101372795,
    "cash": 14611892,
    "equity": 41754356,
    "cash_flow_op": 15119550,
    "cash_flow_inv": -8881328,
    "cash_flow_fin": -335310
  },
  {
    "symbol": "DKS",
    "end_date": "2015-01-31",
    "amend": "False",
    "period_focus": "FY",
    "fiscal_year": 2014,
    "doc_type": "10-K",
    "revenues": 6814479000,
    "op_income": 554059000,
    "net_income": 344198000,
    "eps_basic": 2.89,
    "eps_diluted": 2.84,
    "dividend": 0.5,
    "assets": 3436198000,
    "cur_assets": 1850384000,
    "cur_liab": 1118833000,
    "cash": 221679000,
    "equity": 1832225000,
    "cash_flow_op": 605978000,
    "cash_flow_inv": -305020000,
    "cash_flow_fin": -260913000
  },
  {
    "symbol": "IDSY",
    "end_date": "2014-12-31",
    "amend": "False",
    "period_focus": "FY",
    "fiscal_year": 2014,
    "doc_type": "10-K",
    "revenues": 45633000,
    "op_income": -12178000,
    "net_income": -11575000,
    "eps_basic": -0.96,
    "eps_diluted": -0.96,
    "dividend": 0,
    "assets": 52486000,
    "cur_assets": 36409000,
    "cur_liab": 16993000,
    "cash": 5974000,
    "equity": 27255000,
    "cash_flow_op": -301000,
    "cash_flow_inv": -580000,
    "cash_flow_fin": 316000
  },
  {
    "symbol": "PTNT",
    "end_date": "2014-12-31",
    "amend": "False",
    "period_focus": "FY",
    "fiscal_year": 2014,
    "doc_type": "10-K",
    "revenues": 0,
    "op_income": -2677000,
    "net_income": -2647000,
    "eps_basic": -0.35,
    "eps_diluted": -0.35,
    "dividend": 0,
    "assets": 25578000,
    "cur_assets": 25574000,
    "cur_liab": 869000,
    "cash": 23137000,
    "equity": 24312000,
    "cash_flow_op": -2396000,
    "cash_flow_inv": -1045000,
    "cash_flow_fin": -3535000
  },
  {
    "symbol": "INTX",
    "end_date": "2014-12-31",
    "amend": "False",
    "period_focus": "FY",
    "fiscal_year": 2014,
    "doc_type": "10-K",
    "revenues": 246642000,
    "op_income": -42360000,
    "net_income": -30694000,
    "eps_basic": -1.66,
    "eps_diluted": -1.66,
    "dividend": 0.2,
    "assets": 104581000,
    "cur_assets": 50122000,
    "cur_liab": 33928000,
    "cash": 11325000,
    "equity": 65127000,
    "cash_flow_op": 4926000,
    "cash_flow_inv": -8107000,
    "cash_flow_fin": -6414000
  },
  {
    "symbol": "XXIA",
    "end_date": "2014-12-31",
    "amend": "False",
    "period_focus": "FY",
    "fiscal_year": 2014,
    "doc_type": "10-K",
    "revenues": 464458000,
    "op_income": -44407000,
    "net_income": -41592000,
    "eps_basic": -0.54,
    "eps_diluted": -0.54,
    "dividend": 0,
    "assets": 869911000,
    "cur_assets": 317585000,
    "cur_liab": 362343000,
    "cash": 46394000,
    "equity": 481091000,
    "cash_flow_op": 38071000,
    "cash_flow_inv": -34916000,
    "cash_flow_fin": 9050000
  },
  {
    "symbol": "JMBA",
    "end_date": "2014-12-30",
    "amend": "False",
    "period_focus": "FY",
    "fiscal_year": 2014,
    "doc_type": "10-K",
    "revenues": 218048000,
    "op_income": -3300000,
    "net_income": -3632000,
    "eps_basic": -0.21,
    "eps_diluted": -0.21,
    "dividend": 0,
    "assets": 92489000,
    "cur_assets": 57331000,
    "cur_liab": 66200000,
    "cash": 17750000,
    "equity": 16745000,
    "cash_flow_op": 3543000,
    "cash_flow_inv": -9417000,
    "cash_flow_fin": -8762000
  },
  {
    "symbol": "EXPR",
    "end_date": "2015-01-31",
    "amend": "False",
    "period_focus": "FY",
    "fiscal_year": 2014,
    "doc_type": "10-K",
    "revenues": 2165481000,
    "op_income": 136597000,
    "net_income": 68325000,
    "eps_basic": 0.81,
    "eps_diluted": 0.81,
    "dividend": 0,
    "assets": 1278150000,
    "cur_assets": 654236000,
    "cur_liab": 287459000,
    "cash": 34275000,
    "equity": 556339000,
    "cash_flow_op": 156570000,
    "cash_flow_inv": -116098000,
    "cash_flow_fin": -4938000
  },
  {
    "symbol": "LSBK",
    "end_date": "2014-12-31",
    "amend": "False",
    "period_focus": "FY",
    "fiscal_year": 2014,
    "doc_type": "10-K",
    "revenues": 1402000,
    "op_income": "",
    "net_income": 3158000,
    "eps_basic": 0.55,
    "eps_diluted": 0.55,
    "dividend": 0.28,
    "assets": 487471000,
    "cur_assets": "",
    "cur_liab": "",
    "cash": 7460000,
    "equity": 71630000,
    "cash_flow_op": 4347000,
    "cash_flow_inv": 16170000,
    "cash_flow_fin": -1908000
  },
  {
    "symbol": "FL",
    "end_date": "2015-01-31",
    "amend": "False",
    "period_focus": "FY",
    "fiscal_year": 2014,
    "doc_type": "10-K",
    "revenues": 7151000000,
    "op_income": 805000000,
    "net_income": 520000000,
    "eps_basic": 3.61,
    "eps_diluted": 3.56,
    "dividend": 0.88,
    "assets": 3577000000,
    "cur_assets": 2456000000,
    "cur_liab": 696000000,
    "cash": 967000000,
    "equity": 2496000000,
    "cash_flow_op": 712000000,
    "cash_flow_inv": -176000000,
    "cash_flow_fin": -401000000
  },
  {
    "symbol": "GME",
    "end_date": "2015-01-31",
    "amend": "False",
    "period_focus": "FY",
    "fiscal_year": 2014,
    "doc_type": "10-K",
    "revenues": 9296000000,
    "op_income": 618300000,
    "net_income": 393100000,
    "eps_basic": 3.5,
    "eps_diluted": 3.47,
    "dividend": 1.32,
    "assets": 4246300000,
    "cur_assets": 2062500000,
    "cur_liab": 1639700000,
    "cash": 610100000,
    "equity": 2067700000,
    "cash_flow_op": 480500000,
    "cash_flow_inv": -235900000,
    "cash_flow_fin": -131200000
  },
  {
    "symbol": "LOXO",
    "end_date": "2014-12-31",
    "amend": "False",
    "period_focus": "FY",
    "fiscal_year": 2014,
    "doc_type": "10-K",
    "revenues": "",
    "op_income": -20690000,
    "net_income": -20706000,
    "eps_basic": -3.06,
    "eps_diluted": -3.06,
    "dividend": 0,
    "assets": 114459000,
    "cur_assets": 107776000,
    "cur_liab": "",
    "cash": 43930000,
    "equity": 112672000,
    "cash_flow_op": -17695000,
    "cash_flow_inv": -69080000,
    "cash_flow_fin": 115711000
  },
  {
    "symbol": "LABC",
    "end_date": "2014-12-31",
    "amend": "False",
    "period_focus": "FY",
    "fiscal_year": 2014,
    "doc_type": "10-K",
    "revenues": 14719000,
    "op_income": "",
    "net_income": 2817000,
    "eps_basic": 1.14,
    "eps_diluted": 1.06,
    "dividend": 0.95,
    "assets": 333346000,
    "cur_assets": "",
    "cur_liab": "",
    "cash": 3016000,
    "equity": 58397000,
    "cash_flow_op": 6120000,
    "cash_flow_inv": -20901000,
    "cash_flow_fin": 12865000
  },
  {
    "symbol": "LOCM",
    "end_date": "2014-12-31",
    "amend": "False",
    "period_focus": "FY",
    "fiscal_year": 2014,
    "doc_type": "10-K",
    "revenues": 83120000,
    "op_income": -4817000,
    "net_income": -5501000,
    "eps_basic": -0.24,
    "eps_diluted": -0.24,
    "dividend": 0,
    "assets": 38068000,
    "cur_assets": 11313000,
    "cur_liab": 17347000,
    "cash": 2438000,
    "equity": 15611000,
    "cash_flow_op": 4715000,
    "cash_flow_inv": -3072000,
    "cash_flow_fin": -4274000
  },
  {
    "symbol": "MCBK",
    "end_date": "2014-12-31",
    "amend": "False",
    "period_focus": "FY",
    "fiscal_year": 2014,
    "doc_type": "10-K",
    "revenues": 14410000,
    "op_income": "",
    "net_income": 2871000,
    "eps_basic": 1.05,
    "eps_diluted": 1.05,
    "dividend": 0.24,
    "assets": 314314000,
    "cur_assets": "",
    "cur_liab": "",
    "cash": 4315000,
    "equity": 61536000,
    "cash_flow_op": 4330000,
    "cash_flow_inv": -24122000,
    "cash_flow_fin": 20101000
  },
  {
    "symbol": "MELR",
    "end_date": "2014-12-31",
    "amend": "False",
    "period_focus": "FY",
    "fiscal_year": 2014,
    "doc_type": "10-K",
    "revenues": 5703000,
    "op_income": "",
    "net_income": -172000,
    "eps_basic": "",
    "eps_diluted": "",
    "dividend": 0,
    "assets": 213342000,
    "cur_assets": "",
    "cur_liab": "",
    "cash": 20760000,
    "equity": 45463000,
    "cash_flow_op": 863000,
    "cash_flow_inv": -3182000,
    "cash_flow_fin": 14815000
  },
  {
    "symbol": "MELA",
    "end_date": "2014-12-31",
    "amend": "False",
    "period_focus": "FY",
    "fiscal_year": 2014,
    "doc_type": "10-K",
    "revenues": 915000,
    "op_income": -16622000,
    "net_income": -16032000,
    "eps_basic": -3.03,
    "eps_diluted": -3.03,
    "dividend": 0,
    "assets": 20070000,
    "cur_assets": 17203000,
    "cur_liab": 2686000,
    "cash": 11434000,
    "equity": 12276000,
    "cash_flow_op": -17709000,
    "cash_flow_inv": 17000,
    "cash_flow_fin": 25343000
  },
  {
    "symbol": "GES",
    "end_date": "2015-01-31",
    "amend": "False",
    "period_focus": "FY",
    "fiscal_year": 2015,
    "doc_type": "10-K",
    "revenues": 2417673000,
    "op_income": 125912000,
    "net_income": 93908000,
    "eps_basic": 1.11,
    "eps_diluted": 1.11,
    "dividend": 0.9,
    "assets": 1601405000,
    "cur_assets": 1111359000,
    "cur_liab": 301966000,
    "cash": 483483000,
    "equity": 1089446000,
    "cash_flow_op": 153826000,
    "cash_flow_inv": -57831000,
    "cash_flow_fin": -79687000
  },
  {
    "symbol": "FUL",
    "end_date": "2015-02-28",
    "amend": "False",
    "period_focus": "Q1",
    "fiscal_year": 2015,
    "doc_type": "10-Q",
    "revenues": 13576000,
    "op_income": 21373000,
    "net_income": 9795000,
    "eps_basic": 0.19,
    "eps_diluted": 0.19,
    "dividend": 0.12,
    "assets": 2097472000,
    "cur_assets": 779760000,
    "cur_liab": 350310000,
    "cash": 71574000,
    "equity": 867417000,
    "cash_flow_op": 66213000,
    "cash_flow_inv": -244716000,
    "cash_flow_fin": 176086000
  },
  {
    "symbol": "HNR",
    "end_date": "2014-12-31",
    "amend": "False",
    "period_focus": "FY",
    "fiscal_year": 2014,
    "doc_type": "10-K",
    "revenues": 3466003000,
    "op_income": -449605000,
    "net_income": -193490000,
    "eps_basic": -4.6,
    "eps_diluted": -4.6,
    "dividend": 0,
    "assets": 228046000,
    "cur_assets": 7355000,
    "cur_liab": 20298000,
    "cash": 6585000,
    "equity": 192878000,
    "cash_flow_op": -39210000,
    "cash_flow_inv": -5031000,
    "cash_flow_fin": -70071000
  },
  {
    "symbol": "NLST",
    "end_date": "2014-12-27",
    "amend": "False",
    "period_focus": "FY",
    "fiscal_year": 2014,
    "doc_type": "10-K",
    "revenues": 19195000,
    "op_income": -13805000,
    "net_income": -15381000,
    "eps_basic": -0.38,
    "eps_diluted": -0.38,
    "dividend": 0,
    "assets": 16242000,
    "cur_assets": 15699000,
    "cur_liab": 7792000,
    "cash": 11040000,
    "equity": 4719000,
    "cash_flow_op": -6401000,
    "cash_flow_inv": -138000,
    "cash_flow_fin": 10878000
  },
  {
    "symbol": "OPOF",
    "end_date": "2014-12-31",
    "amend": "False",
    "period_focus": "FY",
    "fiscal_year": 2014,
    "doc_type": "10-K",
    "revenues": 42933000,
    "op_income": "",
    "net_income": 4116000,
    "eps_basic": 0.83,
    "eps_diluted": 0.83,
    "dividend": 0.26,
    "assets": 876280000,
    "cur_assets": "",
    "cur_liab": "",
    "cash": 33305000,
    "equity": 88497000,
    "cash_flow_op": 10035000,
    "cash_flow_inv": -9245000,
    "cash_flow_fin": 1190000
  },
  {
    "symbol": "OMCL",
    "end_date": "2014-12-31",
    "amend": "False",
    "period_focus": "FY",
    "fiscal_year": 2014,
    "doc_type": "10-K",
    "revenues": 440900000,
    "op_income": 49583000,
    "net_income": 30518000,
    "eps_basic": 0.86,
    "eps_diluted": 0.83,
    "dividend": 0,
    "assets": 560214000,
    "cur_assets": 283384000,
    "cur_liab": 112330000,
    "cash": 125888000,
    "equity": 390098000,
    "cash_flow_op": 65163000,
    "cash_flow_inv": -43325000,
    "cash_flow_fin": -206000
  },
  {
    "symbol": "NFEC",
    "end_date": "2014-12-31",
    "amend": "False",
    "period_focus": "FY",
    "fiscal_year": 2014,
    "doc_type": "10-K",
    "revenues": 9980917,
    "op_income": -376196,
    "net_income": -617291,
    "eps_basic": -0.11,
    "eps_diluted": -0.11,
    "dividend": 0,
    "assets": 48304931,
    "cur_assets": 18837250,
    "cur_liab": 16971772,
    "cash": 1304130,
    "equity": 31333159,
    "cash_flow_op": -995080,
    "cash_flow_inv": -341634,
    "cash_flow_fin": 1626490
  },
  {
    "symbol": "NVEE",
    "end_date": "2014-12-31",
    "amend": "False",
    "period_focus": "FY",
    "fiscal_year": 2014,
    "doc_type": "10-K",
    "revenues": 108382000,
    "op_income": "",
    "net_income": 7969000,
    "eps_basic": 0.96,
    "eps_diluted": 0.87,
    "dividend": 0,
    "assets": 55390000,
    "cur_assets": 35469000,
    "cur_liab": 15521000,
    "cash": 6872000,
    "equity": 35605000,
    "cash_flow_op": 1420000,
    "cash_flow_inv": -5475000,
    "cash_flow_fin": -2941000
  },
  {
    "symbol": "ONTX",
    "end_date": "2014-12-31",
    "amend": "False",
    "period_focus": "FY",
    "fiscal_year": 2014,
    "doc_type": "10-K",
    "revenues": 800000,
    "op_income": -63744000,
    "net_income": -63682000,
    "eps_basic": -2.94,
    "eps_diluted": -2.94,
    "dividend": 0,
    "assets": 47337000,
    "cur_assets": 46905000,
    "cur_liab": 10259000,
    "cash": 43582000,
    "equity": 23622000,
    "cash_flow_op": -57648000,
    "cash_flow_inv": 39772000,
    "cash_flow_fin": 1463000
  },
  {
    "symbol": "OTIV",
    "end_date": "2014-12-31",
    "amend": "False",
    "period_focus": "FY",
    "fiscal_year": 2014,
    "doc_type": "10-K",
    "revenues": 17286000,
    "op_income": -9510000,
    "net_income": -9924000,
    "eps_basic": -0.3,
    "eps_diluted": -0.3,
    "dividend": 0,
    "assets": 37381000,
    "cur_assets": 26931000,
    "cur_liab": 13579000,
    "cash": 5351000,
    "equity": 19883000,
    "cash_flow_op": -9622000,
    "cash_flow_inv": -10025000,
    "cash_flow_fin": 10417000
  },
  {
    "symbol": "OFIX",
    "end_date": "2014-09-30",
    "amend": "False",
    "period_focus": "Q3",
    "fiscal_year": 2014,
    "doc_type": "10-Q",
    "revenues": 100994000,
    "op_income": 6508000,
    "net_income": 452000,
    "eps_basic": 0.02,
    "eps_diluted": 0.02,
    "dividend": 0,
    "assets": 411045000,
    "cur_assets": 270345000,
    "cur_liab": 81381000,
    "cash": 29825000,
    "equity": 305016000,
    "cash_flow_op": 35966000,
    "cash_flow_inv": -12919000,
    "cash_flow_fin": -20488000
  },
  {
    "symbol": "OFIX",
    "end_date": "2014-06-30",
    "amend": "False",
    "period_focus": "Q2",
    "fiscal_year": 2014,
    "doc_type": "10-Q",
    "revenues": 100985000,
    "op_income": 6704000,
    "net_income": -683000,
    "eps_basic": -0.04,
    "eps_diluted": -0.04,
    "dividend": 0,
    "assets": 433997000,
    "cur_assets": 292679000,
    "cur_liab": 83094000,
    "cash": 28919000,
    "equity": 305211000,
    "cash_flow_op": -17874000,
    "cash_flow_inv": -6225000,
    "cash_flow_fin": -11846000
  },
  {
    "symbol": "OFIX",
    "end_date": "2014-03-31",
    "amend": "True",
    "period_focus": "Q1",
    "fiscal_year": 2014,
    "doc_type": "10-Q",
    "revenues": 100014000,
    "op_income": -29000,
    "net_income": -2508000,
    "eps_basic": -0.14,
    "eps_diluted": -0.14,
    "dividend": 0,
    "assets": 403973000,
    "cur_assets": 259568000,
    "cur_liab": 57722000,
    "cash": 25117000,
    "equity": 300563000,
    "cash_flow_op": -10212000,
    "cash_flow_inv": -3705000,
    "cash_flow_fin": 10073000
  },
  {
    "symbol": "OFIX",
    "end_date": "2013-12-31",
    "amend": "True",
    "period_focus": "FY",
    "fiscal_year": 2013,
    "doc_type": "10-K",
    "revenues": 397611000,
    "op_income": -11192000,
    "net_income": -28812000,
    "eps_basic": -1.54,
    "eps_diluted": -1.54,
    "dividend": 0,
    "assets": 411975000,
    "cur_assets": 265106000,
    "cur_liab": 70350000,
    "cash": 28924000,
    "equity": 295863000,
    "cash_flow_op": -15850000,
    "cash_flow_inv": 53389000,
    "cash_flow_fin": -43505000
  },
  {
    "symbol": "OXGN",
    "end_date": "2014-12-31",
    "amend": "False",
    "period_focus": "FY",
    "fiscal_year": 2014,
    "doc_type": "10-K",
    "revenues": 0.2,
    "op_income": -12650000,
    "net_income": -12647000,
    "eps_basic": -0.75,
    "eps_diluted": -0.75,
    "dividend": 0,
    "assets": 30423000,
    "cur_assets": 30353000,
    "cur_liab": 1419000,
    "cash": 30031000,
    "equity": 29004000,
    "cash_flow_op": -12151000,
    "cash_flow_inv": -17000,
    "cash_flow_fin": 35194000
  },
  {
    "symbol": "BSDM",
    "end_date": "2014-12-31",
    "amend": "False",
    "period_focus": "FY",
    "fiscal_year": 2014,
    "doc_type": "10-K",
    "revenues": 54218,
    "op_income": "",
    "net_income": "",
    "eps_basic": "",
    "eps_diluted": "",
    "dividend": 0,
    "assets": 8886223,
    "cur_assets": 7745352,
    "cur_liab": 1799503,
    "cash": 5594578,
    "equity": 7086720,
    "cash_flow_op": -2467242,
    "cash_flow_inv": -35317,
    "cash_flow_fin": -33279
  },
  {
    "symbol": "PBIB",
    "end_date": "2014-12-31",
    "amend": "False",
    "period_focus": "FY",
    "fiscal_year": 2014,
    "doc_type": "10-K",
    "revenues": 43592000,
    "op_income": "",
    "net_income": -11155000,
    "eps_basic": 1.59,
    "eps_diluted": 1.59,
    "dividend": 0,
    "assets": 1017989000,
    "cur_assets": "",
    "cur_liab": "",
    "cash": 80180000,
    "equity": 33465000,
    "cash_flow_op": 1425000,
    "cash_flow_inv": 19254000,
    "cash_flow_fin": -51633000
  },
  {
    "symbol": "MW",
    "end_date": "2015-01-31",
    "amend": "False",
    "period_focus": "FY",
    "fiscal_year": 2014,
    "doc_type": "10-K",
    "revenues": 3252548000,
    "op_income": 73210000,
    "net_income": -387000,
    "eps_basic": -0.01,
    "eps_diluted": -0.01,
    "dividend": 0.72,
    "assets": 3546758000,
    "cur_assets": 1249437000,
    "cur_liab": 491411000,
    "cash": 62261000,
    "equity": 969789000,
    "cash_flow_op": 94764000,
    "cash_flow_inv": -1587653000,
    "cash_flow_fin": 1500891000
  },
  {
    "symbol": "MDLY",
    "end_date": "2014-12-31",
    "amend": "False",
    "period_focus": "FY",
    "fiscal_year": 2014,
    "doc_type": "10-K",
    "revenues": 72173000,
    "op_income": "",
    "net_income": 1695000,
    "eps_basic": 0.24,
    "eps_diluted": 0.24,
    "dividend": 0.2,
    "assets": 910399000,
    "cur_assets": "",
    "cur_liab": "",
    "cash": 87206000,
    "equity": 621050000,
    "cash_flow_op": -196426000,
    "cash_flow_inv": -521000,
    "cash_flow_fin": 278758000
  },
  {
    "symbol": "PRPH",
    "end_date": "2014-12-31",
    "amend": "False",
    "period_focus": "FY",
    "fiscal_year": 2014,
    "doc_type": "10-K",
    "revenues": 22070000,
    "op_income": -7828000,
    "net_income": -7834000,
    "eps_basic": -0.47,
    "eps_diluted": -0.47,
    "dividend": 0,
    "assets": 16057000,
    "cur_assets": 13458000,
    "cur_liab": 5241000,
    "cash": 2926000,
    "equity": 10716000,
    "cash_flow_op": -3216000,
    "cash_flow_inv": -306000,
    "cash_flow_fin": 4810000
  },
  {
    "symbol": "RAVN",
    "end_date": "2015-01-31",
    "amend": "False",
    "period_focus": "FY",
    "fiscal_year": 2015,
    "doc_type": "10-K",
    "revenues": 378153000,
    "op_income": 43801000,
    "net_income": 31733000,
    "eps_basic": 0.86,
    "eps_diluted": 0.86,
    "dividend": 0.5,
    "assets": 362873000,
    "cur_assets": 170979000,
    "cur_liab": 31843000,
    "cash": 51949000,
    "equity": 305237000,
    "cash_flow_op": 60083000,
    "cash_flow_inv": -29986000,
    "cash_flow_fin": -30665000
  },
  {
    "symbol": "RESN",
    "end_date": "2014-12-31",
    "amend": "False",
    "period_focus": "FY",
    "fiscal_year": 2014,
    "doc_type": "10-K",
    "revenues": 0,
    "op_income": -6099081,
    "net_income": -9731210,
    "eps_basic": -2.16,
    "eps_diluted": -2.16,
    "dividend": 0,
    "assets": 15463375,
    "cur_assets": 13907961,
    "cur_liab": 719771,
    "cash": 5802593,
    "equity": 14689939,
    "cash_flow_op": -4612889,
    "cash_flow_inv": -9136920,
    "cash_flow_fin": 16213423
  },
  {
    "symbol": "ROKA",
    "end_date": "2014-12-31",
    "amend": "False",
    "period_focus": "FY",
    "fiscal_year": 2014,
    "doc_type": "10-K",
    "revenues": 5057000,
    "op_income": -31592000,
    "net_income": -32230000,
    "eps_basic": -2.93,
    "eps_diluted": -2.93,
    "dividend": 0,
    "assets": 103825000,
    "cur_assets": 51449000,
    "cur_liab": 13910000,
    "cash": 7503000,
    "equity": 79075000,
    "cash_flow_op": -23515000,
    "cash_flow_inv": -60457000,
    "cash_flow_fin": 58747000
  },
  {
    "symbol": "ROST",
    "end_date": "2015-01-31",
    "amend": "False",
    "period_focus": "FY",
    "fiscal_year": 2014,
    "doc_type": "10-K",
    "revenues": 11041677000,
    "op_income": "",
    "net_income": 924724000,
    "eps_basic": 4.47,
    "eps_diluted": 4.42,
    "dividend": 0.8,
    "assets": 4703134000,
    "cur_assets": 2262790000,
    "cur_liab": 1659368000,
    "cash": 696608000,
    "equity": 2279210000,
    "cash_flow_op": 1372865000,
    "cash_flow_inv": -638999000,
    "cash_flow_fin": -460426000
  },
  {
    "symbol": "RXII",
    "end_date": "2014-12-31",
    "amend": "False",
    "period_focus": "FY",
    "fiscal_year": 2014,
    "doc_type": "10-K",
    "revenues": 71000,
    "op_income": -8826000,
    "net_income": -12930000,
    "eps_basic": -0.79,
    "eps_diluted": -0.79,
    "dividend": 0,
    "assets": 9189000,
    "cur_assets": 8988000,
    "cur_liab": 1334000,
    "cash": 8496000,
    "equity": 2745000,
    "cash_flow_op": -7758000,
    "cash_flow_inv": 2917000,
    "cash_flow_fin": 1947000
  },
  {
    "symbol": "SAL",
    "end_date": "2014-12-31",
    "amend": "False",
    "period_focus": "FY",
    "fiscal_year": 2014,
    "doc_type": "10-K",
    "revenues": 29107000,
    "op_income": "",
    "net_income": 2521000,
    "eps_basic": 1.32,
    "eps_diluted": 1.32,
    "dividend": 1.12,
    "assets": 101973000,
    "cur_assets": "",
    "cur_liab": "",
    "cash": 9436000,
    "equity": 101821000,
    "cash_flow_op": 1354000,
    "cash_flow_inv": -26513000,
    "cash_flow_fin": 25293000
  },
  {
    "symbol": "SCHL",
    "end_date": "2015-02-28",
    "amend": "False",
    "period_focus": "Q3",
    "fiscal_year": 2015,
    "doc_type": "10-Q",
    "revenues": 382100000,
    "op_income": -35200000,
    "net_income": -22100000,
    "eps_basic": -0.68,
    "eps_diluted": -0.68,
    "dividend": 0.15,
    "assets": 1551500000,
    "cur_assets": 715300000,
    "cur_liab": 508100000,
    "cash": 14600000,
    "equity": 917800000,
    "cash_flow_op": 108900000,
    "cash_flow_inv": -60000000,
    "cash_flow_fin": -53900000
  },
  {
    "symbol": "SCYX",
    "end_date": "2014-12-31",
    "amend": "False",
    "period_focus": "FY",
    "fiscal_year": 2014,
    "doc_type": "10-K",
    "revenues": 11736000,
    "op_income": -12112000,
    "net_income": -5867000,
    "eps_basic": -1.04,
    "eps_diluted": -2.69,
    "dividend": 0,
    "assets": 39672000,
    "cur_assets": 34736000,
    "cur_liab": 3801000,
    "cash": 32243000,
    "equity": 33431000,
    "cash_flow_op": -9472000,
    "cash_flow_inv": -488000,
    "cash_flow_fin": 40801000
  },
  {
    "symbol": "SMTC",
    "end_date": "2015-01-25",
    "amend": "False",
    "period_focus": "FY",
    "fiscal_year": 2015,
    "doc_type": "10-K",
    "revenues": 557885000,
    "op_income": 42257000,
    "net_income": 27947000,
    "eps_basic": 0.42,
    "eps_diluted": 0.41,
    "dividend": 0,
    "assets": 929431000,
    "cur_assets": 396688000,
    "cur_liab": 108041000,
    "cash": 230328000,
    "equity": 551358000,
    "cash_flow_op": 106160000,
    "cash_flow_inv": -41092000,
    "cash_flow_fin": -77934000
  },
  {
    "symbol": "OMAM",
    "end_date": "2014-12-31",
    "amend": "False",
    "period_focus": "FY",
    "fiscal_year": 2014,
    "doc_type": "10-K",
    "revenues": 1056300000,
    "op_income": -67200000,
    "net_income": 51700000,
    "eps_basic": 0.43,
    "eps_diluted": 0.43,
    "dividend": 0,
    "assets": 7772900000,
    "cur_assets": "",
    "cur_liab": "",
    "cash": 268600000,
    "equity": 2495500000,
    "cash_flow_op": 154100000,
    "cash_flow_inv": -13100000,
    "cash_flow_fin": -152500000
  },
  {
    "symbol": "SPU",
    "end_date": "2014-12-31",
    "amend": "False",
    "period_focus": "FY",
    "fiscal_year": 2014,
    "doc_type": "10-K",
    "revenues": 2900000,
    "op_income": 17442410,
    "net_income": 7871448,
    "eps_basic": 0.3,
    "eps_diluted": 0.3,
    "dividend": 0,
    "assets": 279434092,
    "cur_assets": 104611525,
    "cur_liab": 69761724,
    "cash": 25130302,
    "equity": 186087790,
    "cash_flow_op": 4176425,
    "cash_flow_inv": -40607798,
    "cash_flow_fin": -5164679
  },
  {
    "symbol": "SGNL",
    "end_date": "2014-12-31",
    "amend": "False",
    "period_focus": "FY",
    "fiscal_year": 2014,
    "doc_type": "10-K",
    "revenues": 4320000,
    "op_income": -6867000,
    "net_income": -7890000,
    "eps_basic": -3.5,
    "eps_diluted": -3.5,
    "dividend": 0,
    "assets": 8089000,
    "cur_assets": 6785000,
    "cur_liab": 1989000,
    "cash": 5119000,
    "equity": 5991000,
    "cash_flow_op": -2213000,
    "cash_flow_inv": -274000,
    "cash_flow_fin": 7397000
  },
  {
    "symbol": "SMTX",
    "end_date": "2014-12-28",
    "amend": "False",
    "period_focus": "FY",
    "fiscal_year": 2014,
    "doc_type": "10-K",
    "revenues": 228577000,
    "op_income": -363000,
    "net_income": -3878000,
    "eps_basic": -0.24,
    "eps_diluted": -0.24,
    "dividend": 0,
    "assets": 88663000,
    "cur_assets": 70983000,
    "cur_liab": 62007000,
    "cash": 5447000,
    "equity": 25790000,
    "cash_flow_op": 4995000,
    "cash_flow_inv": -1933000,
    "cash_flow_fin": -910000
  },
  {
    "symbol": "OXM",
    "end_date": "2015-01-31",
    "amend": "False",
    "period_focus": "FY",
    "fiscal_year": 2014,
    "doc_type": "10-K",
    "revenues": 997806000,
    "op_income": 83603000,
    "net_income": 45758000,
    "eps_basic": 2.79,
    "eps_diluted": 2.78,
    "dividend": 0.84,
    "assets": 645067000,
    "cur_assets": 281322000,
    "cur_liab": 158295000,
    "cash": 5281000,
    "equity": 290605000,
    "cash_flow_op": 95409000,
    "cash_flow_inv": -50355000,
    "cash_flow_fin": -47619000
  },
  {
    "symbol": "SPEX",
    "end_date": "2014-12-31",
    "amend": "False",
    "period_focus": "FY",
    "fiscal_year": 2014,
    "doc_type": "10-K",
    "revenues": 10000,
    "op_income": -30611000,
    "net_income": -30532000,
    "eps_basic": -1.55,
    "eps_diluted": -1.55,
    "dividend": 0,
    "assets": 61158000,
    "cur_assets": 4412000,
    "cur_liab": 1230000,
    "cash": 805000,
    "equity": 53586000,
    "cash_flow_op": -9516000,
    "cash_flow_inv": -1000000,
    "cash_flow_fin": 8196000
  },
  {
    "symbol": "SPKE",
    "end_date": "2014-12-31",
    "amend": "False",
    "period_focus": "FY",
    "fiscal_year": 2014,
    "doc_type": "10-K",
    "revenues": 322876000,
    "op_income": -3841000,
    "net_income": -54000,
    "eps_basic": -0.02,
    "eps_diluted": -0.02,
    "dividend": 0,
    "assets": 138397000,
    "cur_assets": 105989000,
    "cur_liab": 92816000,
    "cash": 4359000,
    "equity": 24117000,
    "cash_flow_op": 5874000,
    "cash_flow_inv": -3040000,
    "cash_flow_fin": -5664000
  },
  {
    "symbol": "PNX",
    "end_date": "2014-12-31",
    "amend": "False",
    "period_focus": "FY",
    "fiscal_year": 2014,
    "doc_type": "10-K",
    "revenues": 1666900000,
    "op_income": "",
    "net_income": -213200000,
    "eps_basic": -37.09,
    "eps_diluted": -37.09,
    "dividend": 0,
    "assets": 21745900000,
    "cur_assets": "",
    "cur_liab": "",
    "cash": 450000000,
    "equity": 346600000,
    "cash_flow_op": -143500000,
    "cash_flow_inv": 119300000,
    "cash_flow_fin": 0
  },
  {
    "symbol": "SSFN",
    "end_date": "2014-12-31",
    "amend": "False",
    "period_focus": "FY",
    "fiscal_year": 2014,
    "doc_type": "10-K",
    "revenues": 27894000,
    "op_income": "",
    "net_income": 2402000,
    "eps_basic": 0.4,
    "eps_diluted": 0.4,
    "dividend": 0.05,
    "assets": 693551000,
    "cur_assets": "",
    "cur_liab": "",
    "cash": 9849000,
    "equity": 58969000,
    "cash_flow_op": 9389000,
    "cash_flow_inv": -29196000,
    "cash_flow_fin": 12488000
  },
  {
    "symbol": "SNC",
    "end_date": "2014-12-31",
    "amend": "False",
    "period_focus": "FY",
    "fiscal_year": 2014,
    "doc_type": "10-K",
    "revenues": 154527000,
    "op_income": "",
    "net_income": 11013000,
    "eps_basic": 0.28,
    "eps_diluted": 0.28,
    "dividend": 0,
    "assets": 2091764000,
    "cur_assets": "",
    "cur_liab": "",
    "cash": 38348000,
    "equity": 240872000,
    "cash_flow_op": 23176000,
    "cash_flow_inv": -127975000,
    "cash_flow_fin": 73716000
  },
  {
    "symbol": "SBCP",
    "end_date": "2014-12-31",
    "amend": "False",
    "period_focus": "FY",
    "fiscal_year": 2014,
    "doc_type": "10-K",
    "revenues": 51000,
    "op_income": "",
    "net_income": -2461000,
    "eps_basic": 0,
    "eps_diluted": 0,
    "dividend": 0,
    "assets": 229820000,
    "cur_assets": "",
    "cur_liab": "",
    "cash": 5316000,
    "equity": 61626000,
    "cash_flow_op": 2260000,
    "cash_flow_inv": -29269000,
    "cash_flow_fin": 36434000
  },
  {
    "symbol": "PAH",
    "end_date": "2014-12-31",
    "amend": "False",
    "period_focus": "FY",
    "fiscal_year": 2014,
    "doc_type": "10-K",
    "revenues": 843200000,
    "op_income": 212200000,
    "net_income": -262600000,
    "eps_basic": -1.94,
    "eps_diluted": -1.94,
    "dividend": 22.85,
    "assets": 4557600000,
    "cur_assets": 1578400000,
    "cur_liab": 242600000,
    "cash": 397300000,
    "equity": 2552600000,
    "cash_flow_op": 98200000,
    "cash_flow_inv": -1982700000,
    "cash_flow_fin": 2168900000
  },
  {
    "symbol": "TLF",
    "end_date": "2014-12-31",
    "amend": "False",
    "period_focus": "FY",
    "fiscal_year": 2014,
    "doc_type": "10-K",
    "revenues": 83430912,
    "op_income": 11958029,
    "net_income": 7706921,
    "eps_basic": 0.76,
    "eps_diluted": 0.75,
    "dividend": 0,
    "assets": 62873874,
    "cur_assets": 46351805,
    "cur_liab": 10352232,
    "cash": 10636530,
    "equity": 49123012,
    "cash_flow_op": 1177712,
    "cash_flow_inv": -2171274,
    "cash_flow_fin": 547413
  },
  {
    "symbol": "SYRX",
    "end_date": "2014-12-31",
    "amend": "False",
    "period_focus": "FY",
    "fiscal_year": 2014,
    "doc_type": "10-K",
    "revenues": 62949000,
    "op_income": -7706000,
    "net_income": -7536000,
    "eps_basic": -0.42,
    "eps_diluted": -0.42,
    "dividend": 0,
    "assets": 62060000,
    "cur_assets": 22061000,
    "cur_liab": 24874000,
    "cash": 3228000,
    "equity": 29221000,
    "cash_flow_op": -4536000,
    "cash_flow_inv": -10396000,
    "cash_flow_fin": 16074000
  },
  {
    "symbol": "FBMS",
    "end_date": "2014-12-31",
    "amend": "False",
    "period_focus": "FY",
    "fiscal_year": 2014,
    "doc_type": "10-K",
    "revenues": 44174250,
    "op_income": "",
    "net_income": 6250743,
    "eps_basic": 1.27,
    "eps_diluted": 1.25,
    "dividend": 0.15,
    "assets": 1093767719,
    "cur_assets": "",
    "cur_liab": "",
    "cash": 44617789,
    "equity": 96215584,
    "cash_flow_op": 7057258,
    "cash_flow_inv": -78692188,
    "cash_flow_fin": 77000794
  },
  {
    "symbol": "TACT",
    "end_date": "2014-12-31",
    "amend": "False",
    "period_focus": "FY",
    "fiscal_year": 2014,
    "doc_type": "10-K",
    "revenues": 53108000,
    "op_income": -3772000,
    "net_income": -2421000,
    "eps_basic": -0.29,
    "eps_diluted": -0.29,
    "dividend": 0.31,
    "assets": 35491000,
    "cur_assets": 27997000,
    "cur_liab": 9636000,
    "cash": 3131000,
    "equity": 25394000,
    "cash_flow_op": 6053000,
    "cash_flow_inv": -660000,
    "cash_flow_fin": -5178000
  },
  {
    "symbol": "RH",
    "end_date": "2015-01-31",
    "amend": "False",
    "period_focus": "FY",
    "fiscal_year": 2014,
    "doc_type": "10-K",
    "revenues": 1867422000,
    "op_income": 165726000,
    "net_income": 91002000,
    "eps_basic": 2.31,
    "eps_diluted": 2.2,
    "dividend": 0,
    "assets": 1525999000,
    "cur_assets": 912244000,
    "cur_liab": 344429000,
    "cash": 148934000,
    "equity": 702916000,
    "cash_flow_op": 82491000,
    "cash_flow_inv": -200548000,
    "cash_flow_fin": 253800000
  },
  {
    "symbol": "HEAR",
    "end_date": "2014-12-31",
    "amend": "False",
    "period_focus": "FY",
    "fiscal_year": 2014,
    "doc_type": "10-K",
    "revenues": 186176000,
    "op_income": -13825000,
    "net_income": -15486000,
    "eps_basic": -0.39,
    "eps_diluted": -0.39,
    "dividend": 0,
    "assets": 246968000,
    "cur_assets": 117597000,
    "cur_liab": 88857000,
    "cash": 7908000,
    "equity": 131186000,
    "cash_flow_op": -14834000,
    "cash_flow_inv": 557000,
    "cash_flow_fin": 15969000
  },
  {
    "symbol": "UNAM",
    "end_date": "2014-12-31",
    "amend": "False",
    "period_focus": "FY",
    "fiscal_year": 2014,
    "doc_type": "10-K",
    "revenues": 30470240,
    "op_income": "",
    "net_income": 846361,
    "eps_basic": 0.16,
    "eps_diluted": 0.16,
    "dividend": 0,
    "assets": 136015569,
    "cur_assets": "",
    "cur_liab": "",
    "cash": 309162,
    "equity": 71775094,
    "cash_flow_op": 2468186,
    "cash_flow_inv": -2535412,
    "cash_flow_fin": 0
  },
  {
    "symbol": "VPCO",
    "end_date": "2014-12-31",
    "amend": "False",
    "period_focus": "FY",
    "fiscal_year": 2014,
    "doc_type": "10-K",
    "revenues": 15279859,
    "op_income": -12718483,
    "net_income": -13852249,
    "eps_basic": -0.84,
    "eps_diluted": -0.84,
    "dividend": 0,
    "assets": 4928483,
    "cur_assets": 4125104,
    "cur_liab": 3997230,
    "cash": 471194,
    "equity": 811810,
    "cash_flow_op": -6290997,
    "cash_flow_inv": -1077505,
    "cash_flow_fin": 1269481
  },
  {
    "symbol": "APPY",
    "end_date": "2014-12-31",
    "amend": "False",
    "period_focus": "FY",
    "fiscal_year": 2014,
    "doc_type": "10-K",
    "revenues": 166955,
    "op_income": -10403036,
    "net_income": -10443086,
    "eps_basic": -0.36,
    "eps_diluted": -0.36,
    "dividend": 0,
    "assets": 28723853,
    "cur_assets": 24895783,
    "cur_liab": 1781968,
    "cash": 3539911,
    "equity": 23685123,
    "cash_flow_op": -9203522,
    "cash_flow_inv": -12559820,
    "cash_flow_fin": 19644570
  },
  {
    "symbol": "VRTB",
    "end_date": "2014-12-31",
    "amend": "False",
    "period_focus": "FY",
    "fiscal_year": 2014,
    "doc_type": "10-K",
    "revenues": 4777000,
    "op_income": -5022000,
    "net_income": -1105000,
    "eps_basic": -1.2,
    "eps_diluted": -1.2,
    "dividend": 0,
    "assets": 68915000,
    "cur_assets": "",
    "cur_liab": "",
    "cash": 7541000,
    "equity": 36082000,
    "cash_flow_op": -4711000,
    "cash_flow_inv": 3373000,
    "cash_flow_fin": 1216000
  },
  {
    "symbol": "VRTA",
    "end_date": "2014-12-31",
    "amend": "False",
    "period_focus": "FY",
    "fiscal_year": 2014,
    "doc_type": "10-K",
    "revenues": 1198000,
    "op_income": -1726000,
    "net_income": -1198000,
    "eps_basic": -1.08,
    "eps_diluted": -1.08,
    "dividend": 0,
    "assets": 20796000,
    "cur_assets": "",
    "cur_liab": "",
    "cash": 1395000,
    "equity": 18391000,
    "cash_flow_op": 236000,
    "cash_flow_inv": -8094000,
    "cash_flow_fin": 1625000
  },
  {
    "symbol": "VRNT",
    "end_date": "2015-01-31",
    "amend": "False",
    "period_focus": "FY",
    "fiscal_year": 2015,
    "doc_type": "10-K",
    "revenues": 1128436000,
    "op_income": 79111000,
    "net_income": 30931000,
    "eps_basic": 0.53,
    "eps_diluted": 0.52,
    "dividend": 0,
    "assets": 2350996000,
    "cur_assets": 710192000,
    "cur_liab": 477888000,
    "cash": 285072000,
    "equity": 1004903000,
    "cash_flow_op": 193725000,
    "cash_flow_inv": -676835000,
    "cash_flow_fin": 395713000
  },
  {
    "symbol": "WHLM",
    "end_date": "2014-12-31",
    "amend": "False",
    "period_focus": "FY",
    "fiscal_year": 2014,
    "doc_type": "10-K",
    "revenues": 76810000,
    "op_income": 2535000,
    "net_income": 1201000,
    "eps_basic": 0.2,
    "eps_diluted": 0.2,
    "dividend": 0,
    "assets": 43203000,
    "cur_assets": 20589000,
    "cur_liab": 14321000,
    "cash": 5869000,
    "equity": 26550000,
    "cash_flow_op": 4448000,
    "cash_flow_inv": -549000,
    "cash_flow_fin": -806000
  },
  {
    "symbol": "YOD",
    "end_date": "2014-12-31",
    "amend": "False",
    "period_focus": "FY",
    "fiscal_year": 2014,
    "doc_type": "10-K",
    "revenues": 1962622,
    "op_income": -9443268,
    "net_income": -28810621,
    "eps_basic": "",
    "eps_diluted": -1.47,
    "dividend": 0,
    "assets": 23704365,
    "cur_assets": 13163972,
    "cur_liab": 6104085,
    "cash": 10812371,
    "equity": 15973713,
    "cash_flow_op": -10174071,
    "cash_flow_inv": -286967,
    "cash_flow_fin": 17517502
  },
  {
    "symbol": "UAM",
    "end_date": "2014-12-31",
    "amend": "False",
    "period_focus": "FY",
    "fiscal_year": 2014,
    "doc_type": "10-K",
    "revenues": 2039822000,
    "op_income": "",
    "net_income": -29467000,
    "eps_basic": -0.35,
    "eps_diluted": -0.35,
    "dividend": 0,
    "assets": 2025298000,
    "cur_assets": "",
    "cur_liab": "",
    "cash": 127985000,
    "equity": 614465000,
    "cash_flow_op": 17155000,
    "cash_flow_inv": 79750000,
    "cash_flow_fin": -38494000
  },
  {
    "symbol": "VNCE",
    "end_date": "2015-01-31",
    "amend": "False",
    "period_focus": "FY",
    "fiscal_year": 2014,
    "doc_type": "10-K",
    "revenues": -22595000,
    "op_income": 70250000,
    "net_income": 35723000,
    "eps_basic": 0.97,
    "eps_diluted": 0.93,
    "dividend": 0,
    "assets": 382198000,
    "cur_assets": 81140000,
    "cur_liab": 64490000,
    "cash": 112000,
    "equity": 71969000,
    "cash_flow_op": 80266000,
    "cash_flow_inv": -19699000,
    "cash_flow_fin": -81939000
  },
  {
    "symbol": "TNET",
    "end_date": "2014-12-31",
    "amend": "False",
    "period_focus": "FY",
    "fiscal_year": 2014,
    "doc_type": "10-K",
    "revenues": 2193531000,
    "op_income": 86791000,
    "net_income": 13273000,
    "eps_basic": 0.24,
    "eps_diluted": 0.22,
    "dividend": 0,
    "assets": 2347764000,
    "cur_assets": 1824338000,
    "cur_liab": 1768761000,
    "cash": 134341000,
    "equity": -25759000,
    "cash_flow_op": 153838000,
    "cash_flow_inv": -45427000,
    "cash_flow_fin": -68311000
  },
  {
    "symbol": "WGO",
    "end_date": "2015-02-28",
    "amend": "False",
    "period_focus": "Q2",
    "fiscal_year": 2015,
    "doc_type": "10-Q",
    "revenues": 234543000,
    "op_income": 11948000,
    "net_income": 8096000,
    "eps_basic": 0.3,
    "eps_diluted": 0.3,
    "dividend": 0.09,
    "assets": 340931000,
    "cur_assets": 252413000,
    "cur_liab": 76556000,
    "cash": 7938000,
    "equity": 201989000,
    "cash_flow_op": -34052000,
    "cash_flow_inv": -4817000,
    "cash_flow_fin": -10997000
  }
]
