[
  {
    "symbol": "ADK",
    "end_date": "2014-12-31",
    "amend": "False",
    "period_focus": "FY",
    "fiscal_year": 2014,
    "doc_type": "10-K",
    "revenues": 193314000,
    "op_income": 1323000,
    "net_income": -16183000,
    "eps_basic": -0.9,
    "eps_diluted": -0.9,
    "dividend": 0,
    "assets": 209961000,
    "cur_assets": 52422000,
    "cur_liab": 65353000,
    "cash": 10735000,
    "equity": 3389000,
    "cash_flow_op": -5292000,
    "cash_flow_inv": -755000,
    "cash_flow_fin": -2592000
  },
  {
    "symbol": "ADGE",
    "end_date": "2014-12-31",
    "amend": "False",
    "period_focus": "FY",
    "fiscal_year": 2013,
    "doc_type": "10-K",
    "revenues": 8567553,
    "op_income": -5128164,
    "net_income": -5888894,
    "eps_basic": -0.12,
    "eps_diluted": -0.12,
    "dividend": 0,
    "assets": 40005840,
    "cur_assets": 15024937,
    "cur_liab": 1721905,
    "cash": 11825915,
    "equity": 17765269,
    "cash_flow_op": -782660,
    "cash_flow_inv": -5649433,
    "cash_flow_fin": 8453717
  },
  {
    "symbol": "AMZG",
    "end_date": "2014-12-31",
    "amend": "False",
    "period_focus": "FY",
    "fiscal_year": 2014,
    "doc_type": "10-K",
    "revenues": 63723000,
    "op_income": -75864000,
    "net_income": -92216000,
    "eps_basic": -3.35,
    "eps_diluted": -3.35,
    "dividend": 0,
    "assets": 270934000,
    "cur_assets": 35507000,
    "cur_liab": 222532000,
    "cash": 25888000,
    "equity": 46974000,
    "cash_flow_op": 26614000,
    "cash_flow_inv": -162867000,
    "cash_flow_fin": 130161000
  },
  {
    "symbol": "AMS",
    "end_date": "2014-12-31",
    "amend": "False",
    "period_focus": "FY",
    "fiscal_year": 2014,
    "doc_type": "10-K",
    "revenues": 15417000,
    "op_income": -50000,
    "net_income": -952000,
    "eps_basic": -0.19,
    "eps_diluted": -0.19,
    "dividend": 0,
    "assets": 67528000,
    "cur_assets": 14247000,
    "cur_liab": 16251000,
    "cash": 1059000,
    "equity": 26154000,
    "cash_flow_op": 6773000,
    "cash_flow_inv": -4452000,
    "cash_flow_fin": -3163000
  },
  {
    "symbol": "BKJ",
    "end_date": "2014-12-31",
    "amend": "False",
    "period_focus": "FY",
    "fiscal_year": 2014,
    "doc_type": "10-K",
    "revenues": 27859000,
    "op_income": "",
    "net_income": 3790000,
    "eps_basic": 0.71,
    "eps_diluted": 0.7,
    "dividend": 0.24,
    "assets": 743688000,
    "cur_assets": "",
    "cur_liab": "",
    "cash": 22060000,
    "equity": 59894000,
    "cash_flow_op": 8442000,
    "cash_flow_inv": -151713000,
    "cash_flow_fin": 127590000
  },
  {
    "symbol": "BDR",
    "end_date": "2014-12-31",
    "amend": "False",
    "period_focus": "FY",
    "fiscal_year": 2014,
    "doc_type": "10-K",
    "revenues": 29129000,
    "op_income": -629000,
    "net_income": -902000,
    "eps_basic": -0.14,
    "eps_diluted": -0.14,
    "dividend": 0,
    "assets": 21244000,
    "cur_assets": 12565000,
    "cur_liab": 3804000,
    "cash": 232000,
    "equity": 13738000,
    "cash_flow_op": 1615000,
    "cash_flow_inv": -1227000,
    "cash_flow_fin": -223000
  },
  {
    "symbol": "CRV",
    "end_date": "2014-12-31",
    "amend": "False",
    "period_focus": "FY",
    "fiscal_year": 2014,
    "doc_type": "10-K",
    "revenues": 118799000,
    "op_income": 79000,
    "net_income": -523000,
    "eps_basic": -0.11,
    "eps_diluted": -0.11,
    "dividend": 0,
    "assets": 49767000,
    "cur_assets": 45595000,
    "cur_liab": 10941000,
    "cash": 447000,
    "equity": 27145000,
    "cash_flow_op": -3172000,
    "cash_flow_inv": -318000,
    "cash_flow_fin": 2513000
  },
  {
    "symbol": "COVR",
    "end_date": "2014-12-31",
    "amend": "False",
    "period_focus": "FY",
    "fiscal_year": 2014,
    "doc_type": "10-K",
    "revenues": 20478430,
    "op_income": 781223,
    "net_income": 366488,
    "eps_basic": 0.01,
    "eps_diluted": 0.01,
    "dividend": 0,
    "assets": 19170363,
    "cur_assets": 8323415,
    "cur_liab": 7266693,
    "cash": 4564595,
    "equity": 11670139,
    "cash_flow_op": 2851254,
    "cash_flow_inv": -20590,
    "cash_flow_fin": -114640
  },
  {
    "symbol": "FSI",
    "end_date": "2014-12-31",
    "amend": "False",
    "period_focus": "FY",
    "fiscal_year": 2014,
    "doc_type": "10-K",
    "revenues": 15907849,
    "op_income": 660778,
    "net_income": 403345,
    "eps_basic": 0.03,
    "eps_diluted": 0.03,
    "dividend": 0,
    "assets": 14234854,
    "cur_assets": 6660839,
    "cur_liab": 2108790,
    "cash": 747517,
    "equity": 11371589,
    "cash_flow_op": 1602198,
    "cash_flow_inv": -24535,
    "cash_flow_fin": -779076
  },
  {
    "symbol": "HH",
    "end_date": "2014-12-31",
    "amend": "False",
    "period_focus": "FY",
    "fiscal_year": 2014,
    "doc_type": "10-K",
    "revenues": 28524000,
    "op_income": -5651000,
    "net_income": -8475000,
    "eps_basic": -0.12,
    "eps_diluted": -0.12,
    "dividend": 0,
    "assets": 13139000,
    "cur_assets": 9478000,
    "cur_liab": 6591000,
    "cash": 5201000,
    "equity": 5357000,
    "cash_flow_op": -3430000,
    "cash_flow_inv": 4640000,
    "cash_flow_fin": 21000
  },
  {
    "symbol": "HMG",
    "end_date": "2014-12-31",
    "amend": "False",
    "period_focus": "FY",
    "fiscal_year": 2014,
    "doc_type": "10-K",
    "revenues": 76754,
    "op_income": "",
    "net_income": 232873,
    "eps_basic": 0.22,
    "eps_diluted": 0.22,
    "dividend": 0,
    "assets": 29797226,
    "cur_assets": "",
    "cur_liab": "",
    "cash": 9451152,
    "equity": 23435396,
    "cash_flow_op": -4452877,
    "cash_flow_inv": -6616336,
    "cash_flow_fin": 2864797
  },
  {
    "symbol": "IORI",
    "end_date": "2014-12-31",
    "amend": "False",
    "period_focus": "FY",
    "fiscal_year": 2014,
    "doc_type": "10-K",
    "revenues": 0,
    "op_income": -1518000,
    "net_income": 1559000,
    "eps_basic": 0.37,
    "eps_diluted": 0.37,
    "dividend": 0,
    "assets": 93076000,
    "cur_assets": "",
    "cur_liab": "",
    "cash": 7000,
    "equity": 82799000,
    "cash_flow_op": 4580000,
    "cash_flow_inv": -2459000,
    "cash_flow_fin": -2117000
  },
  {
    "symbol": "LGL",
    "end_date": "2014-12-31",
    "amend": "False",
    "period_focus": "FY",
    "fiscal_year": 2014,
    "doc_type": "10-K",
    "revenues": 23013000,
    "op_income": -2829000,
    "net_income": -2825000,
    "eps_basic": -1.09,
    "eps_diluted": -1.09,
    "dividend": 0,
    "assets": 17262000,
    "cur_assets": 12934000,
    "cur_liab": 3025000,
    "cash": 5192000,
    "equity": 14237000,
    "cash_flow_op": -1299000,
    "cash_flow_inv": -1011000,
    "cash_flow_fin": 319000
  },
  {
    "symbol": "MGN",
    "end_date": "2014-12-31",
    "amend": "False",
    "period_focus": "FY",
    "fiscal_year": 2014,
    "doc_type": "10-K",
    "revenues": 19566,
    "op_income": -6584684,
    "net_income": -6539683,
    "eps_basic": -0.22,
    "eps_diluted": -0.22,
    "dividend": 0,
    "assets": 5906846,
    "cur_assets": 4174897,
    "cur_liab": 397601,
    "cash": 3862462,
    "equity": 5005966,
    "cash_flow_op": -5606381,
    "cash_flow_inv": 1688490,
    "cash_flow_fin": 3635261
  },
  {
    "symbol": "NCEI",
    "end_date": "2014-12-31",
    "amend": "False",
    "period_focus": "FY",
    "fiscal_year": 2014,
    "doc_type": "10-K",
    "revenues": 4363000,
    "op_income": -890000,
    "net_income": -779000,
    "eps_basic": -0.4,
    "eps_diluted": -0.4,
    "dividend": 0,
    "assets": 12274000,
    "cur_assets": 698000,
    "cur_liab": 1783000,
    "cash": 300000,
    "equity": 6293000,
    "cash_flow_op": -282000,
    "cash_flow_inv": -954000,
    "cash_flow_fin": -85000
  },
  {
    "symbol": "NG",
    "end_date": "2015-02-28",
    "amend": "False",
    "period_focus": "Q1",
    "fiscal_year": 2015,
    "doc_type": "10-Q",
    "revenues": "",
    "op_income": -11286000,
    "net_income": -9299000,
    "eps_basic": -0.03,
    "eps_diluted": -0.03,
    "dividend": 0,
    "assets": 485728000,
    "cur_assets": 160319000,
    "cur_liab": 18107000,
    "cash": 66957000,
    "equity": 368467000,
    "cash_flow_op": "",
    "cash_flow_inv": 2472000,
    "cash_flow_fin": ""
  },
  {
    "symbol": "PW",
    "end_date": "2014-12-31",
    "amend": "False",
    "period_focus": "FY",
    "fiscal_year": 2014,
    "doc_type": "10-K",
    "revenues": 1743189,
    "op_income": "",
    "net_income": -1747470,
    "eps_basic": -1.03,
    "eps_diluted": -1.03,
    "dividend": 0,
    "assets": 22339470,
    "cur_assets": "",
    "cur_liab": "",
    "cash": 654381,
    "equity": 7664485,
    "cash_flow_op": -107615,
    "cash_flow_inv": -2242104,
    "cash_flow_fin": 2925987
  },
  {
    "symbol": "RVP",
    "end_date": "2014-12-31",
    "amend": "False",
    "period_focus": "FY",
    "fiscal_year": 2014,
    "doc_type": "10-K",
    "revenues": 34520630,
    "op_income": -2157561,
    "net_income": -3269830,
    "eps_basic": -0.12,
    "eps_diluted": -0.12,
    "dividend": 0,
    "assets": 45353114,
    "cur_assets": 34229568,
    "cur_liab": 15099600,
    "cash": 22128977,
    "equity": 26828486,
    "cash_flow_op": -3867822,
    "cash_flow_inv": -1608830,
    "cash_flow_fin": -23730
  },
  {
    "symbol": "SGB",
    "end_date": "2014-12-31",
    "amend": "False",
    "period_focus": "FY",
    "fiscal_year": 2014,
    "doc_type": "10-K",
    "revenues": 1010000,
    "op_income": 3643000,
    "net_income": 2903830,
    "eps_basic": 1.14,
    "eps_diluted": 1.14,
    "dividend": 0,
    "assets": 374280210,
    "cur_assets": "",
    "cur_liab": "",
    "cash": 6782566,
    "equity": 34335382,
    "cash_flow_op": 4414361,
    "cash_flow_inv": -24149569,
    "cash_flow_fin": -3076255
  },
  {
    "symbol": "AIR",
    "end_date": "2015-02-28",
    "amend": "False",
    "period_focus": "Q3",
    "fiscal_year": 2015,
    "doc_type": "10-Q",
    "revenues": 380100000,
    "op_income": "",
    "net_income": -34600000,
    "eps_basic": -0.89,
    "eps_diluted": -0.89,
    "dividend": 0,
    "assets": 2133800000,
    "cur_assets": 1494900000,
    "cur_liab": 390800000,
    "cash": 67000000,
    "equity": 941800000,
    "cash_flow_op": 9000000,
    "cash_flow_inv": -23900000,
    "cash_flow_fin": -3300000
  },
  {
    "symbol": "AYI",
    "end_date": "2015-02-28",
    "amend": "False",
    "period_focus": "Q2",
    "fiscal_year": 2015,
    "doc_type": "10-Q",
    "revenues": 616100000,
    "op_income": 78600000,
    "net_income": 46300000,
    "eps_basic": 1.07,
    "eps_diluted": 1.07,
    "dividend": 0.13,
    "assets": 2218100000,
    "cur_assets": 1250200000,
    "cur_liab": 434100000,
    "cash": 601100000,
    "equity": 1251600000,
    "cash_flow_op": 75500000,
    "cash_flow_inv": -27000000,
    "cash_flow_fin": 5100000
  },
  {
    "symbol": "WTT",
    "end_date": "2014-12-31",
    "amend": "False",
    "period_focus": "FY",
    "fiscal_year": 2014,
    "doc_type": "10-K",
    "revenues": 33156654,
    "op_income": 4679002,
    "net_income": 2424152,
    "eps_basic": 0.12,
    "eps_diluted": 0.11,
    "dividend": 0,
    "assets": 36288922,
    "cur_assets": 27232350,
    "cur_liab": 2626503,
    "cash": 10723513,
    "equity": 33630365,
    "cash_flow_op": 4012331,
    "cash_flow_inv": -300701,
    "cash_flow_fin": -9587366
  },
  {
    "symbol": "AREI",
    "end_date": "2014-12-31",
    "amend": "False",
    "period_focus": "FY",
    "fiscal_year": 2014,
    "doc_type": "10-K",
    "revenues": 79412000,
    "op_income": -3199000,
    "net_income": 28842000,
    "eps_basic": 2.28,
    "eps_diluted": 2.28,
    "dividend": 0,
    "assets": 965498000,
    "cur_assets": "",
    "cur_liab": "",
    "cash": 12299000,
    "equity": 124340000,
    "cash_flow_op": -37968000,
    "cash_flow_inv": 38485000,
    "cash_flow_fin": -4655000
  },
  {
    "symbol": "BBY",
    "end_date": "2015-01-31",
    "amend": "False",
    "period_focus": "FY",
    "fiscal_year": 2015,
    "doc_type": "10-K",
    "revenues": 40339000000,
    "op_income": 1450000000,
    "net_income": 1233000000,
    "eps_basic": 3.53,
    "eps_diluted": 3.49,
    "dividend": 0.72,
    "assets": 15256000000,
    "cur_assets": 11729000000,
    "cur_liab": 7777000000,
    "cash": 2432000000,
    "equity": 5000000000,
    "cash_flow_op": 1935000000,
    "cash_flow_inv": -1712000000,
    "cash_flow_fin": -223000000
  },
  {
    "symbol": "BIG",
    "end_date": "2015-01-31",
    "amend": "False",
    "period_focus": "FY",
    "fiscal_year": 2014,
    "doc_type": "10-K",
    "revenues": 5177078000,
    "op_income": 224488000,
    "net_income": 114276000,
    "eps_basic": 2.08,
    "eps_diluted": 2.06,
    "dividend": 0.51,
    "assets": 1635891000,
    "cur_assets": 1038429000,
    "cur_liab": 587829000,
    "cash": 52261000,
    "equity": 789550000,
    "cash_flow_op": 318562000,
    "cash_flow_inv": -90749000,
    "cash_flow_fin": -249320000
  },
  {
    "symbol": "BWS",
    "end_date": "2015-01-31",
    "amend": "False",
    "period_focus": "FY",
    "fiscal_year": 2014,
    "doc_type": "10-K",
    "revenues": 2571709000,
    "op_income": 125934000,
    "net_income": 82850000,
    "eps_basic": 1.9,
    "eps_diluted": 1.89,
    "dividend": 280,
    "assets": 1216812000,
    "cur_assets": 790896000,
    "cur_liab": 397083000,
    "cash": 67403000,
    "equity": 541622000,
    "cash_flow_op": 118812000,
    "cash_flow_inv": -111983000,
    "cash_flow_fin": -20483000
  },
  {
    "symbol": "BKE",
    "end_date": "2015-01-31",
    "amend": "False",
    "period_focus": "FY",
    "fiscal_year": 2014,
    "doc_type": "10-K",
    "revenues": 1153142000,
    "op_income": 256973000,
    "net_income": 162564000,
    "eps_basic": 3.39,
    "eps_diluted": 3.38,
    "dividend": 3.66,
    "assets": 542993000,
    "cur_assets": 324589000,
    "cur_liab": 122271000,
    "cash": 133708000,
    "equity": 355278000,
    "cash_flow_op": 195768000,
    "cash_flow_inv": -50619000,
    "cash_flow_fin": -176309000
  },
  {
    "symbol": "CCG",
    "end_date": "2014-12-31",
    "amend": "False",
    "period_focus": "FY",
    "fiscal_year": 2014,
    "doc_type": "10-K",
    "revenues": 106741000,
    "op_income": -137535000,
    "net_income": -174923000,
    "eps_basic": -2.69,
    "eps_diluted": -2.54,
    "dividend": 0.66,
    "assets": 1176811000,
    "cur_assets": "",
    "cur_liab": "",
    "cash": 15240000,
    "equity": 482003000,
    "cash_flow_op": 66322000,
    "cash_flow_inv": -213300000,
    "cash_flow_fin": 130164000
  },
  {
    "symbol": "CMC",
    "end_date": "2015-02-28",
    "amend": "False",
    "period_focus": "Q2",
    "fiscal_year": 2015,
    "doc_type": "10-Q",
    "revenues": 1391117000,
    "op_income": "",
    "net_income": 54451000,
    "eps_basic": 0.47,
    "eps_diluted": 0.46,
    "dividend": 0.12,
    "assets": 3589502000,
    "cur_assets": 2513984000,
    "cur_liab": 836213000,
    "cash": 313001000,
    "equity": 1311439000,
    "cash_flow_op": -139284000,
    "cash_flow_inv": -38871000,
    "cash_flow_fin": 59865000
  },
  {
    "symbol": "FMSA",
    "end_date": "2014-12-31",
    "amend": "False",
    "period_focus": "FY",
    "fiscal_year": 2014,
    "doc_type": "10-K",
    "revenues": 1356458000,
    "op_income": "",
    "net_income": 170450000,
    "eps_basic": 1.08,
    "eps_diluted": 1.03,
    "dividend": 0,
    "assets": 1514016000,
    "cur_assets": 460554000,
    "cur_liab": 141841000,
    "cash": 76923000,
    "equity": 30982000,
    "cash_flow_op": 205276000,
    "cash_flow_inv": -138331000,
    "cash_flow_fin": -7677000
  },
  {
    "symbol": "GCO",
    "end_date": "2015-01-31",
    "amend": "False",
    "period_focus": "FY",
    "fiscal_year": 2015,
    "doc_type": "10-K",
    "revenues": 2859844000,
    "op_income": 167266000,
    "net_income": 97725000,
    "eps_basic": 4.16,
    "eps_diluted": 4.12,
    "dividend": 0,
    "assets": 1583087000,
    "cur_assets": 847658000,
    "cur_liab": 405916000,
    "cash": 112867000,
    "equity": 998777000,
    "cash_flow_op": 189764000,
    "cash_flow_inv": -137693000,
    "cash_flow_fin": -1449000
  },
  {
    "symbol": "KFN",
    "end_date": "2014-12-31",
    "amend": "False",
    "period_focus": "FY",
    "fiscal_year": 2014,
    "doc_type": "10-K",
    "revenues": "",
    "op_income": "",
    "net_income": "",
    "eps_basic": "",
    "eps_diluted": "",
    "dividend": 0,
    "assets": 8951625000,
    "cur_assets": "",
    "cur_liab": "",
    "cash": 163405000,
    "equity": 2488048000,
    "cash_flow_op": 107893000,
    "cash_flow_inv": 92831000,
    "cash_flow_fin": -247732000
  },
  {
    "symbol": "KR",
    "end_date": "2015-01-31",
    "amend": "False",
    "period_focus": "FY",
    "fiscal_year": 2014,
    "doc_type": "10-K",
    "revenues": 108465000000,
    "op_income": 3137000000,
    "net_income": 1728000000,
    "eps_basic": 3.49,
    "eps_diluted": 3.44,
    "dividend": 0.7,
    "assets": 30556000000,
    "cur_assets": 8911000000,
    "cur_liab": 11403000000,
    "cash": 268000000,
    "equity": 5442000000,
    "cash_flow_op": 4163000000,
    "cash_flow_inv": -3060000000,
    "cash_flow_fin": -1236000000
  },
  {
    "symbol": "KR",
    "end_date": "2015-01-31",
    "amend": "True",
    "period_focus": "FY",
    "fiscal_year": 2014,
    "doc_type": "10-K",
    "revenues": 108465000000,
    "op_income": 3137000000,
    "net_income": 1728000000,
    "eps_basic": 3.49,
    "eps_diluted": 3.44,
    "dividend": 0.7,
    "assets": 30556000000,
    "cur_assets": 8911000000,
    "cur_liab": 11403000000,
    "cash": 268000000,
    "equity": 5442000000,
    "cash_flow_op": 4163000000,
    "cash_flow_inv": -3060000000,
    "cash_flow_fin": -1236000000
  },
  {
    "symbol": "LOW",
    "end_date": "2015-01-30",
    "amend": "False",
    "period_focus": "FY",
    "fiscal_year": 2014,
    "doc_type": "10-K",
    "revenues": 56223000000,
    "op_income": "",
    "net_income": 2682000000,
    "eps_basic": 2.71,
    "eps_diluted": 2.71,
    "dividend": 0.87,
    "assets": 31827000000,
    "cur_assets": 10080000000,
    "cur_liab": 9348000000,
    "cash": 466000000,
    "equity": 9968000000,
    "cash_flow_op": 4929000000,
    "cash_flow_inv": -1088000000,
    "cash_flow_fin": -3761000000
  },
  {
    "symbol": "M",
    "end_date": "2015-01-31",
    "amend": "False",
    "period_focus": "FY",
    "fiscal_year": 2014,
    "doc_type": "10-K",
    "revenues": 28105000000,
    "op_income": 2800000000,
    "net_income": 1526000000,
    "eps_basic": 4.3,
    "eps_diluted": 4.22,
    "dividend": 1.1875,
    "assets": 21461000000,
    "cur_assets": 8679000000,
    "cur_liab": 5536000000,
    "cash": 2246000000,
    "equity": 5378000000,
    "cash_flow_op": 2709000000,
    "cash_flow_inv": -970000000,
    "cash_flow_fin": -1766000000
  },
  {
    "symbol": "MKC",
    "end_date": "2015-02-28",
    "amend": "False",
    "period_focus": "Q1",
    "fiscal_year": 2015,
    "doc_type": "10-Q",
    "revenues": 1010400000,
    "op_income": 93700000,
    "net_income": 70500000,
    "eps_basic": 0.55,
    "eps_diluted": 0.55,
    "dividend": 0.4,
    "assets": 4197500000,
    "cur_assets": 1304700000,
    "cur_liab": 1221000000,
    "cash": 81800000,
    "equity": 1703900000,
    "cash_flow_op": 95900000,
    "cash_flow_inv": -15500000,
    "cash_flow_fin": -64200000
  },
  {
    "symbol": "MDLY",
    "end_date": "2014-12-31",
    "amend": "False",
    "period_focus": "FY",
    "fiscal_year": 2014,
    "doc_type": "10-K",
    "revenues": 72173000,
    "op_income": "",
    "net_income": 1695000,
    "eps_basic": 0.24,
    "eps_diluted": 0.24,
    "dividend": 0.2,
    "assets": 910399000,
    "cur_assets": "",
    "cur_liab": "",
    "cash": 87206000,
    "equity": 621050000,
    "cash_flow_op": -196426000,
    "cash_flow_inv": -521000,
    "cash_flow_fin": 278758000
  },
  {
    "symbol": "MRH",
    "end_date": "2014-12-31",
    "amend": "True",
    "period_focus": "FY",
    "fiscal_year": 2014,
    "doc_type": "10-K",
    "revenues": 691100000,
    "op_income": "",
    "net_income": 210600000,
    "eps_basic": 4.48,
    "eps_diluted": 4.48,
    "dividend": 0.65,
    "assets": 3629100000,
    "cur_assets": "",
    "cur_liab": "",
    "cash": 447700000,
    "equity": 1914500000,
    "cash_flow_op": 200900000,
    "cash_flow_inv": 14200000,
    "cash_flow_fin": -238400000
  },
  {
    "symbol": "MOV",
    "end_date": "2015-01-31",
    "amend": "False",
    "period_focus": "FY",
    "fiscal_year": 2015,
    "doc_type": "10-K",
    "revenues": 586980000,
    "op_income": 71487000,
    "net_income": 51776000,
    "eps_basic": 2.05,
    "eps_diluted": 2.02,
    "dividend": 0.4,
    "assets": 583023000,
    "cur_assets": 485278000,
    "cur_liab": 66072000,
    "cash": 199852000,
    "equity": 484285000,
    "cash_flow_op": 59596000,
    "cash_flow_inv": 21593000,
    "cash_flow_fin": -36180000
  },
  {
    "symbol": "MYE",
    "end_date": "2014-12-31",
    "amend": "False",
    "period_focus": "FY",
    "fiscal_year": 2014,
    "doc_type": "10-K",
    "revenues": 623649000,
    "op_income": 22618000,
    "net_income": -8681000,
    "eps_basic": -0.27,
    "eps_diluted": -0.27,
    "dividend": 0.52,
    "assets": 564833000,
    "cur_assets": 285441000,
    "cur_liab": 153814000,
    "cash": 4676000,
    "equity": 146571000,
    "cash_flow_op": 38695000,
    "cash_flow_inv": -168598000,
    "cash_flow_fin": 126864000
  },
  {
    "symbol": "ACFN",
    "end_date": "2014-12-31",
    "amend": "False",
    "period_focus": "FY",
    "fiscal_year": 2014,
    "doc_type": "10-K",
    "revenues": 19560000,
    "op_income": -10166000,
    "net_income": -27145000,
    "eps_basic": -0.46,
    "eps_diluted": -0.46,
    "dividend": 0,
    "assets": 29543000,
    "cur_assets": 21410000,
    "cur_liab": 17545000,
    "cash": 4821000,
    "equity": 6393000,
    "cash_flow_op": -18217000,
    "cash_flow_inv": -1807000,
    "cash_flow_fin": 7689000
  },
  {
    "symbol": "AETI",
    "end_date": "2014-12-31",
    "amend": "False",
    "period_focus": "FY",
    "fiscal_year": 2014,
    "doc_type": "10-K",
    "revenues": 57254000,
    "op_income": -3895000,
    "net_income": -5072000,
    "eps_basic": -0.62,
    "eps_diluted": -0.62,
    "dividend": 0,
    "assets": 43254000,
    "cur_assets": 21935000,
    "cur_liab": 10587000,
    "cash": 3550000,
    "equity": 21272000,
    "cash_flow_op": -2209000,
    "cash_flow_inv": -2039000,
    "cash_flow_fin": 2848000
  },
  {
    "symbol": "ANCI",
    "end_date": "2014-12-31",
    "amend": "False",
    "period_focus": "FY",
    "fiscal_year": 2014,
    "doc_type": "10-K",
    "revenues": 27052000,
    "op_income": -4087000,
    "net_income": -6763000,
    "eps_basic": -1.05,
    "eps_diluted": -1.05,
    "dividend": 0,
    "assets": 21105000,
    "cur_assets": 5773000,
    "cur_liab": 6954000,
    "cash": 1020000,
    "equity": 3937000,
    "cash_flow_op": -4034000,
    "cash_flow_inv": -7663000,
    "cash_flow_fin": 6510000
  },
  {
    "symbol": "AMRS",
    "end_date": "2014-12-31",
    "amend": "False",
    "period_focus": "FY",
    "fiscal_year": 2014,
    "doc_type": "10-K",
    "revenues": 43274000,
    "op_income": -99828000,
    "net_income": 2286000,
    "eps_basic": 0.03,
    "eps_diluted": -0.9,
    "dividend": 0,
    "assets": 216183000,
    "cur_assets": 73604000,
    "cur_liab": 39998000,
    "cash": 42047000,
    "equity": -125063000,
    "cash_flow_op": -84708000,
    "cash_flow_inv": -9831000,
    "cash_flow_fin": 130921000
  },
  {
    "symbol": "OXM",
    "end_date": "2015-01-31",
    "amend": "False",
    "period_focus": "FY",
    "fiscal_year": 2014,
    "doc_type": "10-K",
    "revenues": 997806000,
    "op_income": 83603000,
    "net_income": 45758000,
    "eps_basic": 2.79,
    "eps_diluted": 2.78,
    "dividend": 0.84,
    "assets": 645067000,
    "cur_assets": 281322000,
    "cur_liab": 158295000,
    "cash": 5281000,
    "equity": 290605000,
    "cash_flow_op": 95409000,
    "cash_flow_inv": -50355000,
    "cash_flow_fin": -47619000
  },
  {
    "symbol": "ARGS",
    "end_date": "2014-12-31",
    "amend": "False",
    "period_focus": "FY",
    "fiscal_year": 2014,
    "doc_type": "10-K",
    "revenues": 1974019,
    "op_income": -52124256,
    "net_income": -54169164,
    "eps_basic": -3.12,
    "eps_diluted": -3.12,
    "dividend": 0,
    "assets": 64366878,
    "cur_assets": 57517303,
    "cur_liab": 3296754,
    "cash": 37223590,
    "equity": 31351804,
    "cash_flow_op": -45240828,
    "cash_flow_inv": -7789262,
    "cash_flow_fin": 56965929
  },
  {
    "symbol": "PAR",
    "end_date": "2014-12-31",
    "amend": "False",
    "period_focus": "FY",
    "fiscal_year": 2014,
    "doc_type": "10-K",
    "revenues": 233610000,
    "op_income": -2219000,
    "net_income": -3651000,
    "eps_basic": -0.24,
    "eps_diluted": -0.24,
    "dividend": 0,
    "assets": 137297000,
    "cur_assets": 76643000,
    "cur_liab": 56371000,
    "cash": 10167000,
    "equity": 69513000,
    "cash_flow_op": 6261000,
    "cash_flow_inv": -10002000,
    "cash_flow_fin": 4837000
  },
  {
    "symbol": "ARTW",
    "end_date": "2015-02-28",
    "amend": "False",
    "period_focus": "Q1",
    "fiscal_year": 2015,
    "doc_type": "10-Q",
    "revenues": 7289129,
    "op_income": 329149,
    "net_income": 168195,
    "eps_basic": 0.04,
    "eps_diluted": 0.04,
    "dividend": 0,
    "assets": 34176052,
    "cur_assets": 21562483,
    "cur_liab": 8181261,
    "cash": 902041,
    "equity": 19230569,
    "cash_flow_op": 77472,
    "cash_flow_inv": -72072,
    "cash_flow_fin": 384925
  },
  {
    "symbol": "PNX",
    "end_date": "2014-12-31",
    "amend": "False",
    "period_focus": "FY",
    "fiscal_year": 2014,
    "doc_type": "10-K",
    "revenues": 1666900000,
    "op_income": "",
    "net_income": -213200000,
    "eps_basic": -37.09,
    "eps_diluted": -37.09,
    "dividend": 0,
    "assets": 21745900000,
    "cur_assets": "",
    "cur_liab": "",
    "cash": 450000000,
    "equity": 346600000,
    "cash_flow_op": -143500000,
    "cash_flow_inv": 119300000,
    "cash_flow_fin": 0
  },
  {
    "symbol": "BGMD",
    "end_date": "2014-12-31",
    "amend": "False",
    "period_focus": "FY",
    "fiscal_year": 2014,
    "doc_type": "10-K",
    "revenues": 2787000,
    "op_income": -7362000,
    "net_income": -8064000,
    "eps_basic": -0.25,
    "eps_diluted": -0.25,
    "dividend": 0,
    "assets": 5229000,
    "cur_assets": 4851000,
    "cur_liab": 4579000,
    "cash": 4123000,
    "equity": 557000,
    "cash_flow_op": -8167000,
    "cash_flow_inv": "",
    "cash_flow_fin": 4539000
  },
  {
    "symbol": "PVH",
    "end_date": "2015-02-01",
    "amend": "False",
    "period_focus": "FY",
    "fiscal_year": 2014,
    "doc_type": "10-K",
    "revenues": 8241200000,
    "op_income": "",
    "net_income": 439000000,
    "eps_basic": 5.33,
    "eps_diluted": 5.27,
    "dividend": 0.0375,
    "assets": 10931800000,
    "cur_assets": 2901200000,
    "cur_liab": 1428600000,
    "cash": 479300000,
    "equity": 4364300000,
    "cash_flow_op": 789100000,
    "cash_flow_inv": -357700000,
    "cash_flow_fin": -514500000
  },
  {
    "symbol": "PRSS",
    "end_date": "2014-12-31",
    "amend": "False",
    "period_focus": "FY",
    "fiscal_year": 2014,
    "doc_type": "10-K",
    "revenues": 153210000,
    "op_income": -20493000,
    "net_income": -15907000,
    "eps_basic": -0.92,
    "eps_diluted": -0.92,
    "dividend": 0,
    "assets": 122485000,
    "cur_assets": 82085000,
    "cur_liab": 50789000,
    "cash": 30649000,
    "equity": 70185000,
    "cash_flow_op": 1032000,
    "cash_flow_inv": -2155000,
    "cash_flow_fin": -1563000
  },
  {
    "symbol": "REX",
    "end_date": "2015-01-31",
    "amend": "False",
    "period_focus": "FY",
    "fiscal_year": 2014,
    "doc_type": "10-K",
    "revenues": 572230000,
    "op_income": "",
    "net_income": 87337000,
    "eps_basic": 10.77,
    "eps_diluted": 10.76,
    "dividend": 0,
    "assets": 456947000,
    "cur_assets": 175745000,
    "cur_liab": 19557000,
    "cash": 137697000,
    "equity": 392964000,
    "cash_flow_op": 137216000,
    "cash_flow_inv": -7320000,
    "cash_flow_fin": -97348000
  },
  {
    "symbol": "CDNA",
    "end_date": "2014-12-31",
    "amend": "False",
    "period_focus": "FY",
    "fiscal_year": 2014,
    "doc_type": "10-K",
    "revenues": 27306000,
    "op_income": 1250000,
    "net_income": 781000,
    "eps_basic": 0.13,
    "eps_diluted": 0.1,
    "dividend": 0,
    "assets": 61141000,
    "cur_assets": 40346000,
    "cur_liab": 11135000,
    "cash": 36431000,
    "equity": 41298000,
    "cash_flow_op": -3350000,
    "cash_flow_inv": -1333000,
    "cash_flow_fin": 35986000
  },
  {
    "symbol": "SAIC",
    "end_date": "2015-01-30",
    "amend": "False",
    "period_focus": "FY",
    "fiscal_year": 2015,
    "doc_type": "10-K",
    "revenues": 3885000000,
    "op_income": 240000000,
    "net_income": 141000000,
    "eps_basic": 3.01,
    "eps_diluted": 2.91,
    "dividend": 1.12,
    "assets": 1398000000,
    "cur_assets": 943000000,
    "cur_liab": 577000000,
    "cash": 301000000,
    "equity": 345000000,
    "cash_flow_op": 277000000,
    "cash_flow_inv": -22000000,
    "cash_flow_fin": -208000000
  },
  {
    "symbol": "CLDN",
    "end_date": "2014-12-31",
    "amend": "False",
    "period_focus": "FY",
    "fiscal_year": 2014,
    "doc_type": "10-K",
    "revenues": "",
    "op_income": -33018000,
    "net_income": -33853000,
    "eps_basic": -1.82,
    "eps_diluted": -1.82,
    "dividend": 0,
    "assets": 89110000,
    "cur_assets": 88083000,
    "cur_liab": 6606000,
    "cash": 14435000,
    "equity": 72104000,
    "cash_flow_op": -29259000,
    "cash_flow_inv": -61188000,
    "cash_flow_fin": 96979000
  },
  {
    "symbol": "CHLN",
    "end_date": "2014-12-31",
    "amend": "False",
    "period_focus": "FY",
    "fiscal_year": 2014,
    "doc_type": "10-K",
    "revenues": 138728059,
    "op_income": -22080411,
    "net_income": -21450441,
    "eps_basic": -0.62,
    "eps_diluted": -0.62,
    "dividend": 0,
    "assets": 626529360,
    "cur_assets": "",
    "cur_liab": "",
    "cash": 33223127,
    "equity": 110501371,
    "cash_flow_op": -29437696,
    "cash_flow_inv": -9820029,
    "cash_flow_fin": 52221080
  },
  {
    "symbol": "CHYI",
    "end_date": "2014-12-31",
    "amend": "False",
    "period_focus": "FY",
    "fiscal_year": 2014,
    "doc_type": "10-K",
    "revenues": 13124152,
    "op_income": -13562528,
    "net_income": -29281114,
    "eps_basic": -5.66,
    "eps_diluted": -5.66,
    "dividend": 0,
    "assets": 233187958,
    "cur_assets": 3122439,
    "cur_liab": 39008934,
    "cash": 958664,
    "equity": 111132013,
    "cash_flow_op": -10409408,
    "cash_flow_inv": 28297326,
    "cash_flow_fin": -19153288
  },
  {
    "symbol": "SSI",
    "end_date": "2015-01-31",
    "amend": "False",
    "period_focus": "FY",
    "fiscal_year": 2014,
    "doc_type": "10-K",
    "revenues": 1638569000,
    "op_income": "",
    "net_income": 30850000,
    "eps_basic": 0.96,
    "eps_diluted": 0.96,
    "dividend": 0.53,
    "assets": 824677000,
    "cur_assets": 504061000,
    "cur_liab": 204782000,
    "cash": 17165000,
    "equity": 475930000,
    "cash_flow_op": 102214000,
    "cash_flow_inv": -67634000,
    "cash_flow_fin": -32177000
  },
  {
    "symbol": "CLRO",
    "end_date": "2014-12-31",
    "amend": "False",
    "period_focus": "FY",
    "fiscal_year": 2014,
    "doc_type": "10-K",
    "revenues": 57909000,
    "op_income": 7975000,
    "net_income": 5596000,
    "eps_basic": 0.61,
    "eps_diluted": 0.58,
    "dividend": 0,
    "assets": 88860000,
    "cur_assets": 44781000,
    "cur_liab": 10755000,
    "cash": 7440000,
    "equity": 76016000,
    "cash_flow_op": 6710000,
    "cash_flow_inv": -14416000,
    "cash_flow_fin": -2019000
  },
  {
    "symbol": "CONN",
    "end_date": "2015-01-31",
    "amend": "False",
    "period_focus": "FY",
    "fiscal_year": 2015,
    "doc_type": "10-K",
    "revenues": 1220976000,
    "op_income": 119867000,
    "net_income": 58513000,
    "eps_basic": 1.61,
    "eps_diluted": 1.59,
    "dividend": 0,
    "assets": 1647322000,
    "cur_assets": 925715000,
    "cur_liab": 145009000,
    "cash": 12223000,
    "equity": 653670000,
    "cash_flow_op": -189901000,
    "cash_flow_inv": -42413000,
    "cash_flow_fin": 238810000
  },
  {
    "symbol": "CVV",
    "end_date": "2014-12-31",
    "amend": "False",
    "period_focus": "FY",
    "fiscal_year": 2014,
    "doc_type": "10-K",
    "revenues": 27990463,
    "op_income": -3764024,
    "net_income": -2473530,
    "eps_basic": -0.4,
    "eps_diluted": -0.4,
    "dividend": 0,
    "assets": 45556472,
    "cur_assets": 28853350,
    "cur_liab": 12442089,
    "cash": 11966863,
    "equity": 29268875,
    "cash_flow_op": 1545247,
    "cash_flow_inv": -208144,
    "cash_flow_fin": -617800
  },
  {
    "symbol": "CYCC",
    "end_date": "2014-12-31",
    "amend": "False",
    "period_focus": "FY",
    "fiscal_year": 2014,
    "doc_type": "10-K",
    "revenues": 1734000,
    "op_income": -22437000,
    "net_income": -19587000,
    "eps_basic": -0.89,
    "eps_diluted": -0.89,
    "dividend": 0,
    "assets": 29387000,
    "cur_assets": 29000000,
    "cur_liab": 7493000,
    "cash": 24189000,
    "equity": 21688000,
    "cash_flow_op": -18702000,
    "cash_flow_inv": 75000,
    "cash_flow_fin": 12200000
  },
  {
    "symbol": "TJX",
    "end_date": "2015-01-31",
    "amend": "False",
    "period_focus": "FY",
    "fiscal_year": 2015,
    "doc_type": "10-K",
    "revenues": 29078407000,
    "op_income": 3930915000,
    "net_income": 2215128000,
    "eps_basic": 3.2,
    "eps_diluted": 3.15,
    "dividend": 0.7,
    "assets": 11128381000,
    "cur_assets": 6715061000,
    "cur_liab": 3929634000,
    "cash": 2493775000,
    "equity": 4264230000,
    "cash_flow_op": 3008369000,
    "cash_flow_inv": -954637000,
    "cash_flow_fin": -1559542000
  },
  {
    "symbol": "TLYS",
    "end_date": "2015-01-31",
    "amend": "False",
    "period_focus": "FY",
    "fiscal_year": 2014,
    "doc_type": "10-K",
    "revenues": 518294000,
    "op_income": 23189000,
    "net_income": 14075000,
    "eps_basic": 0.5,
    "eps_diluted": 0.5,
    "dividend": 0,
    "assets": 257551000,
    "cur_assets": 153284000,
    "cur_liab": 55296000,
    "cash": 49789000,
    "equity": 158686000,
    "cash_flow_op": 48288000,
    "cash_flow_inv": -23479000,
    "cash_flow_fin": -432000
  },
  {
    "symbol": "TRAN",
    "end_date": "2014-12-31",
    "amend": "False",
    "period_focus": "FY",
    "fiscal_year": 2014,
    "doc_type": "10-K",
    "revenues": 75858000,
    "op_income": 771000,
    "net_income": 40573000,
    "eps_basic": 4.74,
    "eps_diluted": 4.74,
    "dividend": 0,
    "assets": 930405000,
    "cur_assets": "",
    "cur_liab": "",
    "cash": 12201000,
    "equity": 233448000,
    "cash_flow_op": -29382000,
    "cash_flow_inv": 28904000,
    "cash_flow_fin": -3407000
  },
  {
    "symbol": "EVBS",
    "end_date": "2014-12-31",
    "amend": "False",
    "period_focus": "FY",
    "fiscal_year": 2014,
    "doc_type": "10-K",
    "revenues": 48593000,
    "op_income": "",
    "net_income": 3716000,
    "eps_basic": 0.31,
    "eps_diluted": 0.22,
    "dividend": 0,
    "assets": 1181972000,
    "cur_assets": "",
    "cur_liab": "",
    "cash": 14024000,
    "equity": 134274000,
    "cash_flow_op": 11808000,
    "cash_flow_inv": -30939000,
    "cash_flow_fin": 19415000
  },
  {
    "symbol": "EMRI",
    "end_date": "2014-12-31",
    "amend": "False",
    "period_focus": "FY",
    "fiscal_year": 2014,
    "doc_type": "10-K",
    "revenues": 35665000,
    "op_income": 1652000,
    "net_income": 877000,
    "eps_basic": 0.08,
    "eps_diluted": 0.08,
    "dividend": 0,
    "assets": 24855000,
    "cur_assets": 15002000,
    "cur_liab": 9814000,
    "cash": 2357000,
    "equity": 11041000,
    "cash_flow_op": 3327000,
    "cash_flow_inv": -349000,
    "cash_flow_fin": -1279000
  },
  {
    "symbol": "ERS",
    "end_date": "2014-12-31",
    "amend": "False",
    "period_focus": "FY",
    "fiscal_year": 2014,
    "doc_type": "10-K",
    "revenues": 582279000,
    "op_income": 12687000,
    "net_income": 3734000,
    "eps_basic": 0.43,
    "eps_diluted": 0.41,
    "dividend": 0,
    "assets": 314283000,
    "cur_assets": 308680000,
    "cur_liab": 252490000,
    "cash": 1130000,
    "equity": 48811000,
    "cash_flow_op": -94658000,
    "cash_flow_inv": 2903000,
    "cash_flow_fin": 90484000
  },
  {
    "symbol": "UAM",
    "end_date": "2014-12-31",
    "amend": "True",
    "period_focus": "FY",
    "fiscal_year": 2014,
    "doc_type": "10-K",
    "revenues": 2039822000,
    "op_income": "",
    "net_income": -29467000,
    "eps_basic": -0.35,
    "eps_diluted": -0.35,
    "dividend": 0,
    "assets": 2025298000,
    "cur_assets": "",
    "cur_liab": "",
    "cash": 127985000,
    "equity": 614465000,
    "cash_flow_op": 17155000,
    "cash_flow_inv": 79750000,
    "cash_flow_fin": -38494000
  },
  {
    "symbol": "EPRS",
    "end_date": "2014-12-31",
    "amend": "False",
    "period_focus": "FY",
    "fiscal_year": 2014,
    "doc_type": "10-K",
    "revenues": 996000,
    "op_income": -39255000,
    "net_income": -41844000,
    "eps_basic": -6.81,
    "eps_diluted": -6.81,
    "dividend": 0,
    "assets": 51389000,
    "cur_assets": 23018000,
    "cur_liab": 7376000,
    "cash": 21462000,
    "equity": 32401000,
    "cash_flow_op": -35470000,
    "cash_flow_inv": 12293000,
    "cash_flow_fin": 42841000
  },
  {
    "symbol": "ESSX",
    "end_date": "2014-03-31",
    "amend": "True",
    "period_focus": "Q1",
    "fiscal_year": 2014,
    "doc_type": "10-Q",
    "revenues": 21086000,
    "op_income": -1995000,
    "net_income": -3169000,
    "eps_basic": 0.13,
    "eps_diluted": 0.13,
    "dividend": 0,
    "assets": 326157000,
    "cur_assets": 27182000,
    "cur_liab": 180950000,
    "cash": 1030000,
    "equity": 63163000,
    "cash_flow_op": -721000,
    "cash_flow_inv": 2468000,
    "cash_flow_fin": -2219000
  },
  {
    "symbol": "ESSX",
    "end_date": "2014-06-30",
    "amend": "True",
    "period_focus": "Q2",
    "fiscal_year": 2014,
    "doc_type": "10-Q",
    "revenues": 24509000,
    "op_income": -810000,
    "net_income": -2741000,
    "eps_basic": -0.11,
    "eps_diluted": -0.11,
    "dividend": 0,
    "assets": 328135000,
    "cur_assets": 33285000,
    "cur_liab": 159794000,
    "cash": 936000,
    "equity": 60503000,
    "cash_flow_op": -3157000,
    "cash_flow_inv": 3773000,
    "cash_flow_fin": -1101000
  },
  {
    "symbol": "ESSX",
    "end_date": "2013-12-31",
    "amend": "True",
    "period_focus": "FY",
    "fiscal_year": 2013,
    "doc_type": "10-K",
    "revenues": 95537435,
    "op_income": -3228532,
    "net_income": -9644597,
    "eps_basic": 0.39,
    "eps_diluted": 0.39,
    "dividend": 0,
    "assets": 332775736,
    "cur_assets": 27502875,
    "cur_liab": 181318586,
    "cash": 1348558,
    "equity": 66089675,
    "cash_flow_op": 3976814,
    "cash_flow_inv": 4825821,
    "cash_flow_fin": -16093692
  },
  {
    "symbol": "ESSX",
    "end_date": "2013-09-30",
    "amend": "True",
    "period_focus": "Q3",
    "fiscal_year": 2013,
    "doc_type": "10-Q",
    "revenues": 22808138,
    "op_income": -517208,
    "net_income": -1902604,
    "eps_basic": -0.08,
    "eps_diluted": -0.08,
    "dividend": 0,
    "assets": 339431519,
    "cur_assets": 29208723,
    "cur_liab": 185863722,
    "cash": 3030137,
    "equity": 69004228,
    "cash_flow_op": 2515846,
    "cash_flow_inv": 4459937,
    "cash_flow_fin": -12433799
  },
  {
    "symbol": "ESSX",
    "end_date": "2014-12-31",
    "amend": "False",
    "period_focus": "FY",
    "fiscal_year": 2014,
    "doc_type": "10-K",
    "revenues": 103449000,
    "op_income": -3794000,
    "net_income": -11201000,
    "eps_basic": -0.45,
    "eps_diluted": -0.45,
    "dividend": 0,
    "assets": 325890000,
    "cur_assets": 39333000,
    "cur_liab": 161167000,
    "cash": 1087000,
    "equity": 55486000,
    "cash_flow_op": -9993000,
    "cash_flow_inv": 7636000,
    "cash_flow_fin": 1719000
  },
  {
    "symbol": "ESSX",
    "end_date": "2014-09-30",
    "amend": "True",
    "period_focus": "Q3",
    "fiscal_year": 2014,
    "doc_type": "10-Q",
    "revenues": 29581000,
    "op_income": -388000,
    "net_income": -2398000,
    "eps_basic": -0.1,
    "eps_diluted": -0.1,
    "dividend": 0,
    "assets": 326531000,
    "cur_assets": 38380000,
    "cur_liab": 160296000,
    "cash": 1423000,
    "equity": 58244000,
    "cash_flow_op": -6329000,
    "cash_flow_inv": 3977000,
    "cash_flow_fin": 2134000
  },
  {
    "symbol": "ESSX",
    "end_date": "2013-06-30",
    "amend": "True",
    "period_focus": "Q2",
    "fiscal_year": 2013,
    "doc_type": "10-Q",
    "revenues": 25213755,
    "op_income": -208219,
    "net_income": -1931972,
    "eps_basic": -0.08,
    "eps_diluted": -0.08,
    "dividend": 0,
    "assets": 343451680,
    "cur_assets": 29248958,
    "cur_liab": 185691753,
    "cash": 2969642,
    "equity": 70774160,
    "cash_flow_op": 2621579,
    "cash_flow_inv": 5333697,
    "cash_flow_fin": -13623470
  },
  {
    "symbol": "ESSX",
    "end_date": "2013-03-31",
    "amend": "True",
    "period_focus": "Q1",
    "fiscal_year": 2013,
    "doc_type": "10-Q",
    "revenues": 25064454,
    "op_income": -642332,
    "net_income": -2163250,
    "eps_basic": -0.09,
    "eps_diluted": -0.09,
    "dividend": 0,
    "assets": 349262665,
    "cur_assets": 29004137,
    "cur_liab": 187076334,
    "cash": 3108111,
    "equity": 72232507,
    "cash_flow_op": -1853669,
    "cash_flow_inv": 2998005,
    "cash_flow_fin": -6497979
  },
  {
    "symbol": "VEEV",
    "end_date": "2015-01-31",
    "amend": "False",
    "period_focus": "FY",
    "fiscal_year": 2015,
    "doc_type": "10-K",
    "revenues": 313222000,
    "op_income": 69966000,
    "net_income": 40383000,
    "eps_basic": 0.31,
    "eps_diluted": 0.28,
    "dividend": 0,
    "assets": 544890000,
    "cur_assets": 501837000,
    "cur_liab": 135523000,
    "cash": 129253000,
    "equity": 406833000,
    "cash_flow_op": 67574000,
    "cash_flow_inv": -272018000,
    "cash_flow_fin": 71262000
  },
  {
    "symbol": "EVK",
    "end_date": "2014-12-31",
    "amend": "False",
    "period_focus": "FY",
    "fiscal_year": 2014,
    "doc_type": "10-K",
    "revenues": 460141151,
    "op_income": 21814595,
    "net_income": 16366267,
    "eps_basic": 1.11,
    "eps_diluted": 1.11,
    "dividend": 0,
    "assets": 232213247,
    "cur_assets": 208068987,
    "cur_liab": 159561801,
    "cash": 34134239,
    "equity": 72651446,
    "cash_flow_op": 9322180,
    "cash_flow_inv": -10630261,
    "cash_flow_fin": 7855848
  },
  {
    "symbol": "WMT",
    "end_date": "2015-01-31",
    "amend": "False",
    "period_focus": "FY",
    "fiscal_year": 2015,
    "doc_type": "10-K",
    "revenues": 482229000000,
    "op_income": 27147000000,
    "net_income": 16363000000,
    "eps_basic": 5.07,
    "eps_diluted": 5.05,
    "dividend": 1.92,
    "assets": 203706000000,
    "cur_assets": 63278000000,
    "cur_liab": 65272000000,
    "cash": 9135000000,
    "equity": 85937000000,
    "cash_flow_op": 28564000000,
    "cash_flow_inv": -11125000000,
    "cash_flow_fin": -15071000000
  },
  {
    "symbol": "FCLF",
    "end_date": "2014-12-31",
    "amend": "False",
    "period_focus": "FY",
    "fiscal_year": 2014,
    "doc_type": "10-K",
    "revenues": 21544659,
    "op_income": "",
    "net_income": 3826192,
    "eps_basic": 0.55,
    "eps_diluted": 0.55,
    "dividend": 0.24,
    "assets": 607614800,
    "cur_assets": "",
    "cur_liab": "",
    "cash": 49066462,
    "equity": 77129893,
    "cash_flow_op": 4729941,
    "cash_flow_inv": -20024600,
    "cash_flow_fin": -20332704
  },
  {
    "symbol": "WG",
    "end_date": "2014-12-31",
    "amend": "False",
    "period_focus": "FY",
    "fiscal_year": 2014,
    "doc_type": "10-K",
    "revenues": 2026749000,
    "op_income": -2808000,
    "net_income": -79827000,
    "eps_basic": -1.62,
    "eps_diluted": -1.62,
    "dividend": 0,
    "assets": 692207000,
    "cur_assets": 452856000,
    "cur_liab": 247154000,
    "cash": 23273000,
    "equity": 113825000,
    "cash_flow_op": -59864000,
    "cash_flow_inv": 38988000,
    "cash_flow_fin": 1596000
  },
  {
    "symbol": "FRPT",
    "end_date": "2014-12-31",
    "amend": "False",
    "period_focus": "FY",
    "fiscal_year": 2014,
    "doc_type": "10-K",
    "revenues": 86764112,
    "op_income": -6417692,
    "net_income": -131279893,
    "eps_basic": -9.63,
    "eps_diluted": -9.63,
    "dividend": 0,
    "assets": 112461860,
    "cur_assets": 50225182,
    "cur_liab": 8362221,
    "cash": 36259252,
    "equity": 103392699,
    "cash_flow_op": -8026302,
    "cash_flow_inv": -16877437,
    "cash_flow_fin": 58718237
  },
  {
    "symbol": "GNBC",
    "end_date": "2014-12-31",
    "amend": "False",
    "period_focus": "FY",
    "fiscal_year": 2014,
    "doc_type": "10-K",
    "revenues": 26000,
    "op_income": "",
    "net_income": 14742000,
    "eps_basic": 0.65,
    "eps_diluted": 0.64,
    "dividend": 0,
    "assets": 2196135000,
    "cur_assets": "",
    "cur_liab": "",
    "cash": 13963000,
    "equity": 288405000,
    "cash_flow_op": 19807000,
    "cash_flow_inv": -182256000,
    "cash_flow_fin": 196615000
  },
  {
    "symbol": "GRBK",
    "end_date": "2014-12-31",
    "amend": "False",
    "period_focus": "FY",
    "fiscal_year": 2014,
    "doc_type": "10-K",
    "revenues": 200650000,
    "op_income": "",
    "net_income": 50026000,
    "eps_basic": 3.4,
    "eps_diluted": 3.4,
    "dividend": 0,
    "assets": 400325000,
    "cur_assets": "",
    "cur_liab": "",
    "cash": 21267000,
    "equity": 181597000,
    "cash_flow_op": 2628000,
    "cash_flow_inv": 11759000,
    "cash_flow_fin": -9803000
  },
  {
    "symbol": "GYRO",
    "end_date": "2014-12-31",
    "amend": "False",
    "period_focus": "FY",
    "fiscal_year": 2014,
    "doc_type": "10-K",
    "revenues": 4948688,
    "op_income": "",
    "net_income": 147553,
    "eps_basic": 0.1,
    "eps_diluted": 0.1,
    "dividend": 0.46,
    "assets": 43876364,
    "cur_assets": "",
    "cur_liab": "",
    "cash": 4028337,
    "equity": 23457611,
    "cash_flow_op": -5470298,
    "cash_flow_inv": -3550192,
    "cash_flow_fin": ""
  },
  {
    "symbol": "HQY",
    "end_date": "2015-01-31",
    "amend": "False",
    "period_focus": "FY",
    "fiscal_year": 2015,
    "doc_type": "10-K",
    "revenues": 87855000,
    "op_income": 16873000,
    "net_income": 10166000,
    "eps_basic": 0.39,
    "eps_diluted": 0.21,
    "dividend": 0,
    "assets": 158769000,
    "cur_assets": 124719000,
    "cur_liab": 8831000,
    "cash": 111005000,
    "equity": 144095000,
    "cash_flow_op": 15046000,
    "cash_flow_inv": -8437000,
    "cash_flow_fin": 90479000
  },
  {
    "symbol": "HWBK",
    "end_date": "2014-12-31",
    "amend": "False",
    "period_focus": "FY",
    "fiscal_year": 2014,
    "doc_type": "10-K",
    "revenues": 2538000,
    "op_income": "",
    "net_income": 7654000,
    "eps_basic": 1.46,
    "eps_diluted": 1.46,
    "dividend": 0,
    "assets": 1169731000,
    "cur_assets": "",
    "cur_liab": "",
    "cash": 22364000,
    "equity": 80568000,
    "cash_flow_op": 13554000,
    "cash_flow_inv": -17096000,
    "cash_flow_fin": 17912000
  },
  {
    "symbol": "HMTV",
    "end_date": "2014-12-31",
    "amend": "False",
    "period_focus": "FY",
    "fiscal_year": 2014,
    "doc_type": "10-K",
    "revenues": 111989000,
    "op_income": 26027000,
    "net_income": 10557000,
    "eps_basic": 0.25,
    "eps_diluted": 0.25,
    "dividend": 0,
    "assets": 518397000,
    "cur_assets": 185841000,
    "cur_liab": 28031000,
    "cash": 142010000,
    "equity": 256413000,
    "cash_flow_op": 23274000,
    "cash_flow_inv": -104852000,
    "cash_flow_fin": 46966000
  },
  {
    "symbol": "HIBB",
    "end_date": "2015-01-31",
    "amend": "False",
    "period_focus": "FY",
    "fiscal_year": 2015,
    "doc_type": "10-K",
    "revenues": 913486000,
    "op_income": 118146000,
    "net_income": 73584000,
    "eps_basic": 2.9,
    "eps_diluted": 2.87,
    "dividend": 0,
    "assets": 452397000,
    "cur_assets": 355498000,
    "cur_liab": 102125000,
    "cash": 88397000,
    "equity": 324781000,
    "cash_flow_op": 102392000,
    "cash_flow_inv": -22559000,
    "cash_flow_fin": -57663000
  },
  {
    "symbol": "IMDZ",
    "end_date": "2014-12-31",
    "amend": "False",
    "period_focus": "FY",
    "fiscal_year": 2014,
    "doc_type": "10-K",
    "revenues": 6433000,
    "op_income": -29878000,
    "net_income": -34151000,
    "eps_basic": -4.56,
    "eps_diluted": -4.56,
    "dividend": 0,
    "assets": 78383000,
    "cur_assets": 77982000,
    "cur_liab": 11947000,
    "cash": 75354000,
    "equity": 66346000,
    "cash_flow_op": -20669000,
    "cash_flow_inv": -344000,
    "cash_flow_fin": 65980000
  },
  {
    "symbol": "PTNT",
    "end_date": "2014-12-31",
    "amend": "False",
    "period_focus": "FY",
    "fiscal_year": 2014,
    "doc_type": "10-K",
    "revenues": 0,
    "op_income": -2677000,
    "net_income": -2647000,
    "eps_basic": -0.35,
    "eps_diluted": -0.35,
    "dividend": 0,
    "assets": 25578000,
    "cur_assets": 25574000,
    "cur_liab": 869000,
    "cash": 23137000,
    "equity": 24312000,
    "cash_flow_op": -2396000,
    "cash_flow_inv": -1045000,
    "cash_flow_fin": -3535000
  },
  {
    "symbol": "INVT",
    "end_date": "2014-12-31",
    "amend": "False",
    "period_focus": "FY",
    "fiscal_year": 2014,
    "doc_type": "10-K",
    "revenues": 719267,
    "op_income": -13787976,
    "net_income": -20521470,
    "eps_basic": -1.15,
    "eps_diluted": -1.15,
    "dividend": 0,
    "assets": 37875586,
    "cur_assets": 5217417,
    "cur_liab": 7331350,
    "cash": 1443349,
    "equity": 8670723,
    "cash_flow_op": -8371167,
    "cash_flow_inv": -2262014,
    "cash_flow_fin": 10557846
  },
  {
    "symbol": "XXIA",
    "end_date": "2014-12-31",
    "amend": "False",
    "period_focus": "FY",
    "fiscal_year": 2014,
    "doc_type": "10-K",
    "revenues": 464458000,
    "op_income": -44407000,
    "net_income": -41592000,
    "eps_basic": -0.54,
    "eps_diluted": -0.54,
    "dividend": 0,
    "assets": 869911000,
    "cur_assets": 317585000,
    "cur_liab": 362343000,
    "cash": 46394000,
    "equity": 481091000,
    "cash_flow_op": 38071000,
    "cash_flow_inv": -34916000,
    "cash_flow_fin": 9050000
  },
  {
    "symbol": "KGJI",
    "end_date": "2014-12-31",
    "amend": "False",
    "period_focus": "FY",
    "fiscal_year": 2014,
    "doc_type": "10-K",
    "revenues": 1107558544,
    "op_income": 65615182,
    "net_income": 47331977,
    "eps_basic": 0.72,
    "eps_diluted": 0.72,
    "dividend": 0,
    "assets": 311754324,
    "cur_assets": 233584456,
    "cur_liab": 49842542,
    "cash": 1331658,
    "equity": 258239474,
    "cash_flow_op": 20324065,
    "cash_flow_inv": -35779185,
    "cash_flow_fin": 15246706
  },
  {
    "symbol": "LIME",
    "end_date": "2014-12-31",
    "amend": "False",
    "period_focus": "FY",
    "fiscal_year": 2014,
    "doc_type": "10-K",
    "revenues": 58816000,
    "op_income": -2541000,
    "net_income": -5602000,
    "eps_basic": -1.44,
    "eps_diluted": -1.44,
    "dividend": 0,
    "assets": 34819000,
    "cur_assets": 26608000,
    "cur_liab": 16620000,
    "cash": 5473000,
    "equity": 8566000,
    "cash_flow_op": -13429000,
    "cash_flow_inv": -638000,
    "cash_flow_fin": 12600000
  },
  {
    "symbol": "MFNC",
    "end_date": "2014-12-31",
    "amend": "False",
    "period_focus": "FY",
    "fiscal_year": 2014,
    "doc_type": "10-K",
    "revenues": 30781000,
    "op_income": "",
    "net_income": 1700000,
    "eps_basic": 0.3,
    "eps_diluted": 0.3,
    "dividend": 0.225,
    "assets": 743785000,
    "cur_assets": "",
    "cur_liab": "",
    "cash": 21947000,
    "equity": 73996000,
    "cash_flow_op": 8441000,
    "cash_flow_inv": -54980000,
    "cash_flow_fin": 50267000
  },
  {
    "symbol": "MTBC",
    "end_date": "2014-12-31",
    "amend": "False",
    "period_focus": "FY",
    "fiscal_year": 2014,
    "doc_type": "10-K",
    "revenues": 2190115,
    "op_income": -4041149,
    "net_income": -4509250,
    "eps_basic": -0.64,
    "eps_diluted": -0.64,
    "dividend": 0,
    "assets": 23107260,
    "cur_assets": 4584700,
    "cur_liab": 8144125,
    "cash": 1048660,
    "equity": 14320597,
    "cash_flow_op": -2700189,
    "cash_flow_inv": -12652830,
    "cash_flow_fin": 15878819
  },
  {
    "symbol": "MTBC",
    "end_date": "2014-09-30",
    "amend": "True",
    "period_focus": "Q3",
    "fiscal_year": 2014,
    "doc_type": "10-Q",
    "revenues": 504497,
    "op_income": -2404191,
    "net_income": -2840754,
    "eps_basic": -0.34,
    "eps_diluted": -0.34,
    "dividend": 0,
    "assets": 25440648,
    "cur_assets": 6425560,
    "cur_liab": 9697637,
    "cash": 2493652,
    "equity": 15127089,
    "cash_flow_op": -2024504,
    "cash_flow_inv": -12107857,
    "cash_flow_fin": 16128304
  },
  {
    "symbol": "LPST",
    "end_date": "2014-12-31",
    "amend": "False",
    "period_focus": "FY",
    "fiscal_year": 2014,
    "doc_type": "10-K",
    "revenues": 34238000,
    "op_income": -1836000,
    "net_income": -2139000,
    "eps_basic": -0.37,
    "eps_diluted": -0.37,
    "dividend": 0,
    "assets": 44933000,
    "cur_assets": 37057000,
    "cur_liab": 20623000,
    "cash": 8592000,
    "equity": 14120000,
    "cash_flow_op": -1328000,
    "cash_flow_inv": -7655000,
    "cash_flow_fin": 5259000
  },
  {
    "symbol": "MDSY",
    "end_date": "2014-12-31",
    "amend": "False",
    "period_focus": "FY",
    "fiscal_year": 2014,
    "doc_type": "10-K",
    "revenues": 7240000,
    "op_income": -3812000,
    "net_income": -3395000,
    "eps_basic": -0.28,
    "eps_diluted": -0.28,
    "dividend": 0,
    "assets": 34823000,
    "cur_assets": 3112000,
    "cur_liab": 4034000,
    "cash": 449000,
    "equity": 30406000,
    "cash_flow_op": -3474000,
    "cash_flow_inv": -10000,
    "cash_flow_fin": 1341000
  },
  {
    "symbol": "NEOG",
    "end_date": "2015-02-28",
    "amend": "False",
    "period_focus": "Q3",
    "fiscal_year": 2015,
    "doc_type": "10-Q",
    "revenues": 68409000,
    "op_income": 12160000,
    "net_income": 7454000,
    "eps_basic": 0.2,
    "eps_diluted": 0.2,
    "dividend": 0,
    "assets": 378435000,
    "cur_assets": 217346000,
    "cur_liab": 26551000,
    "cash": 57484000,
    "equity": 336713000,
    "cash_flow_op": 33471000,
    "cash_flow_inv": -22258000,
    "cash_flow_fin": 6481000
  },
  {
    "symbol": "NECB",
    "end_date": "2014-12-31",
    "amend": "False",
    "period_focus": "FY",
    "fiscal_year": 2014,
    "doc_type": "10-K",
    "revenues": 21837000,
    "op_income": "",
    "net_income": 1697000,
    "eps_basic": 0.14,
    "eps_diluted": 0.14,
    "dividend": 0.12,
    "assets": 515425000,
    "cur_assets": "",
    "cur_liab": "",
    "cash": 3676000,
    "equity": 103810000,
    "cash_flow_op": 4449000,
    "cash_flow_inv": -56874000,
    "cash_flow_fin": 54904000
  },
  {
    "symbol": "OBCI",
    "end_date": "2014-12-31",
    "amend": "False",
    "period_focus": "FY",
    "fiscal_year": 2014,
    "doc_type": "10-K",
    "revenues": 33926988,
    "op_income": 3023256,
    "net_income": 2048077,
    "eps_basic": 0.23,
    "eps_diluted": 0.23,
    "dividend": 0.05,
    "assets": 23980411,
    "cur_assets": 17705521,
    "cur_liab": 2997505,
    "cash": 3062729,
    "equity": 20032120,
    "cash_flow_op": 1786353,
    "cash_flow_inv": -980817,
    "cash_flow_fin": -791290
  },
  {
    "symbol": "OFIX",
    "end_date": "2013-12-31",
    "amend": "True",
    "period_focus": "FY",
    "fiscal_year": 2013,
    "doc_type": "10-K",
    "revenues": 397611000,
    "op_income": -11192000,
    "net_income": -28812000,
    "eps_basic": -1.54,
    "eps_diluted": -1.54,
    "dividend": 0,
    "assets": 411975000,
    "cur_assets": 265106000,
    "cur_liab": 70350000,
    "cash": 28924000,
    "equity": 295863000,
    "cash_flow_op": -15850000,
    "cash_flow_inv": 53389000,
    "cash_flow_fin": -43505000
  },
  {
    "symbol": "OFIX",
    "end_date": "2014-06-30",
    "amend": "False",
    "period_focus": "Q2",
    "fiscal_year": 2014,
    "doc_type": "10-Q",
    "revenues": 100985000,
    "op_income": 6704000,
    "net_income": -683000,
    "eps_basic": -0.04,
    "eps_diluted": -0.04,
    "dividend": 0,
    "assets": 433997000,
    "cur_assets": 292679000,
    "cur_liab": 83094000,
    "cash": 28919000,
    "equity": 305211000,
    "cash_flow_op": -17874000,
    "cash_flow_inv": -6225000,
    "cash_flow_fin": -11846000
  },
  {
    "symbol": "OFIX",
    "end_date": "2014-09-30",
    "amend": "False",
    "period_focus": "Q3",
    "fiscal_year": 2014,
    "doc_type": "10-Q",
    "revenues": 100994000,
    "op_income": 6508000,
    "net_income": 452000,
    "eps_basic": 0.02,
    "eps_diluted": 0.02,
    "dividend": 0,
    "assets": 411045000,
    "cur_assets": 270345000,
    "cur_liab": 81381000,
    "cash": 29825000,
    "equity": 305016000,
    "cash_flow_op": 35966000,
    "cash_flow_inv": -12919000,
    "cash_flow_fin": -20488000
  },
  {
    "symbol": "OFIX",
    "end_date": "2014-03-31",
    "amend": "True",
    "period_focus": "Q1",
    "fiscal_year": 2014,
    "doc_type": "10-Q",
    "revenues": 100014000,
    "op_income": -29000,
    "net_income": -2508000,
    "eps_basic": -0.14,
    "eps_diluted": -0.14,
    "dividend": 0,
    "assets": 403973000,
    "cur_assets": 259568000,
    "cur_liab": 57722000,
    "cash": 25117000,
    "equity": 300563000,
    "cash_flow_op": -10212000,
    "cash_flow_inv": -3705000,
    "cash_flow_fin": 10073000
  },
  {
    "symbol": "PFIN",
    "end_date": "2014-12-31",
    "amend": "False",
    "period_focus": "FY",
    "fiscal_year": 2014,
    "doc_type": "10-K",
    "revenues": 75035000,
    "op_income": 4317000,
    "net_income": 2080000,
    "eps_basic": 0.56,
    "eps_diluted": 0.54,
    "dividend": 0,
    "assets": 73076000,
    "cur_assets": 37553000,
    "cur_liab": 23626000,
    "cash": 1011000,
    "equity": 39991000,
    "cash_flow_op": 8716000,
    "cash_flow_inv": -20885000,
    "cash_flow_fin": 12827000
  },
  {
    "symbol": "PNBK",
    "end_date": "2014-12-31",
    "amend": "False",
    "period_focus": "FY",
    "fiscal_year": 2014,
    "doc_type": "10-K",
    "revenues": 22200000,
    "op_income": "",
    "net_income": 15709000,
    "eps_basic": 4.08,
    "eps_diluted": 4.08,
    "dividend": 0,
    "assets": 632624000,
    "cur_assets": "",
    "cur_liab": "",
    "cash": 2095000,
    "equity": 58735000,
    "cash_flow_op": -1434000,
    "cash_flow_inv": 95000,
    "cash_flow_fin": 75829000
  },
  {
    "symbol": "BSDM",
    "end_date": "2014-12-31",
    "amend": "False",
    "period_focus": "FY",
    "fiscal_year": 2014,
    "doc_type": "10-K",
    "revenues": 54218,
    "op_income": "",
    "net_income": "",
    "eps_basic": "",
    "eps_diluted": "",
    "dividend": 0,
    "assets": 8886223,
    "cur_assets": 7745352,
    "cur_liab": 1799503,
    "cash": 5594578,
    "equity": 7086720,
    "cash_flow_op": -2467242,
    "cash_flow_inv": -35317,
    "cash_flow_fin": -33279
  },
  {
    "symbol": "PESI",
    "end_date": "2014-12-31",
    "amend": "False",
    "period_focus": "FY",
    "fiscal_year": 2014,
    "doc_type": "10-K",
    "revenues": 57065000,
    "op_income": -1719000,
    "net_income": -1225000,
    "eps_basic": "",
    "eps_diluted": -0.11,
    "dividend": 0,
    "assets": 88636000,
    "cur_assets": 23127000,
    "cur_liab": 22370000,
    "cash": 3680000,
    "equity": 45050000,
    "cash_flow_op": -1432000,
    "cash_flow_inv": 6583000,
    "cash_flow_fin": -1804000
  },
  {
    "symbol": "ACCP",
    "end_date": "2014-12-31",
    "amend": "False",
    "period_focus": "FY",
    "fiscal_year": 2014,
    "doc_type": "10-K",
    "revenues": 925000,
    "op_income": -3131000,
    "net_income": -29653000,
    "eps_basic": -15.26,
    "eps_diluted": -15.26,
    "dividend": 0,
    "assets": 16582000,
    "cur_assets": 11555000,
    "cur_liab": 2898000,
    "cash": 11520000,
    "equity": 4816000,
    "cash_flow_op": -1611000,
    "cash_flow_inv": 0,
    "cash_flow_fin": 12707000
  },
  {
    "symbol": "PSTR",
    "end_date": "2014-12-31",
    "amend": "False",
    "period_focus": "FY",
    "fiscal_year": 2014,
    "doc_type": "10-K",
    "revenues": 83505000,
    "op_income": -67000,
    "net_income": 3850000,
    "eps_basic": 0.98,
    "eps_diluted": 0.98,
    "dividend": 0,
    "assets": 195675000,
    "cur_assets": 22865000,
    "cur_liab": 16612000,
    "cash": 46000,
    "equity": 18224000,
    "cash_flow_op": 19633000,
    "cash_flow_inv": -10522000,
    "cash_flow_fin": -9102000
  },
  {
    "symbol": "IPDN",
    "end_date": "2014-12-31",
    "amend": "False",
    "period_focus": "FY",
    "fiscal_year": 2014,
    "doc_type": "10-K",
    "revenues": 11643731,
    "op_income": -5597570,
    "net_income": -3658076,
    "eps_basic": -0.36,
    "eps_diluted": -0.36,
    "dividend": 0,
    "assets": 74592472,
    "cur_assets": 11844718,
    "cur_liab": 17842893,
    "cash": 1519467,
    "equity": 53642022,
    "cash_flow_op": -8789996,
    "cash_flow_inv": -8614343,
    "cash_flow_fin": 187311
  },
  {
    "symbol": "QRHC",
    "end_date": "2014-12-31",
    "amend": "False",
    "period_focus": "FY",
    "fiscal_year": 2014,
    "doc_type": "10-K",
    "revenues": 174453667,
    "op_income": -3942977,
    "net_income": -9897678,
    "eps_basic": -0.1,
    "eps_diluted": -0.1,
    "dividend": 0,
    "assets": 107676815,
    "cur_assets": 33470415,
    "cur_liab": 32154096,
    "cash": 3154540,
    "equity": 75477513,
    "cash_flow_op": -8559423,
    "cash_flow_inv": -1020024,
    "cash_flow_fin": 10057003
  },
  {
    "symbol": "RDNT",
    "end_date": "2014-12-31",
    "amend": "True",
    "period_focus": "FY",
    "fiscal_year": 2014,
    "doc_type": "10-K",
    "revenues": 55058000,
    "op_income": 10722000,
    "net_income": 10662000,
    "eps_basic": "",
    "eps_diluted": "",
    "dividend": 0,
    "assets": 37316000,
    "cur_assets": 13078000,
    "cur_liab": 2406000,
    "cash": 3000,
    "equity": "",
    "cash_flow_op": 13716000,
    "cash_flow_inv": -668000,
    "cash_flow_fin": -13333000
  },
  {
    "symbol": "RGSE",
    "end_date": "2014-12-31",
    "amend": "False",
    "period_focus": "FY",
    "fiscal_year": 2014,
    "doc_type": "10-K",
    "revenues": 70775000,
    "op_income": -40431000,
    "net_income": -57111000,
    "eps_basic": -0.55,
    "eps_diluted": -0.55,
    "dividend": 0,
    "assets": 35106000,
    "cur_assets": 29153000,
    "cur_liab": 37457000,
    "cash": 1947000,
    "equity": -5301000,
    "cash_flow_op": -30717000,
    "cash_flow_inv": 11979000,
    "cash_flow_fin": 8236000
  },
  {
    "symbol": "MARK",
    "end_date": "2014-12-31",
    "amend": "False",
    "period_focus": "FY",
    "fiscal_year": 2014,
    "doc_type": "10-K",
    "revenues": 1838000,
    "op_income": -17860000,
    "net_income": -18210000,
    "eps_basic": -1.53,
    "eps_diluted": -1.53,
    "dividend": 0,
    "assets": 17956000,
    "cur_assets": 2273000,
    "cur_liab": 6172000,
    "cash": 1525000,
    "equity": 5178000,
    "cash_flow_op": -6948000,
    "cash_flow_inv": -4162000,
    "cash_flow_fin": 11335000
  },
  {
    "symbol": "RGDX",
    "end_date": "2014-12-31",
    "amend": "False",
    "period_focus": "FY",
    "fiscal_year": 2014,
    "doc_type": "10-K",
    "revenues": 16720327,
    "op_income": -13007588,
    "net_income": -13699362,
    "eps_basic": -0.35,
    "eps_diluted": -0.35,
    "dividend": 0,
    "assets": 13445084,
    "cur_assets": 11215656,
    "cur_liab": 5047869,
    "cash": 2222491,
    "equity": -1170107,
    "cash_flow_op": -14300075,
    "cash_flow_inv": -102039,
    "cash_flow_fin": 8468537
  },
  {
    "symbol": "RIBT",
    "end_date": "2014-12-31",
    "amend": "False",
    "period_focus": "FY",
    "fiscal_year": 2014,
    "doc_type": "10-K",
    "revenues": 40108000,
    "op_income": -12764000,
    "net_income": -23029000,
    "eps_basic": -3.96,
    "eps_diluted": -3.96,
    "dividend": 0,
    "assets": 46084000,
    "cur_assets": 14072000,
    "cur_liab": 15130000,
    "cash": 3610000,
    "equity": 15672000,
    "cash_flow_op": -10067000,
    "cash_flow_inv": -6125000,
    "cash_flow_fin": 15074000
  },
  {
    "symbol": "ROST",
    "end_date": "2015-01-31",
    "amend": "False",
    "period_focus": "FY",
    "fiscal_year": 2014,
    "doc_type": "10-K",
    "revenues": 11041677000,
    "op_income": "",
    "net_income": 924724000,
    "eps_basic": 4.47,
    "eps_diluted": 4.42,
    "dividend": 0.8,
    "assets": 4703134000,
    "cur_assets": 2262790000,
    "cur_liab": 1659368000,
    "cash": 696608000,
    "equity": 2279210000,
    "cash_flow_op": 1372865000,
    "cash_flow_inv": -638999000,
    "cash_flow_fin": -460426000
  },
  {
    "symbol": "ROYL",
    "end_date": "2014-12-31",
    "amend": "False",
    "period_focus": "FY",
    "fiscal_year": 2014,
    "doc_type": "10-K",
    "revenues": 3221498,
    "op_income": -2070251,
    "net_income": -2151856,
    "eps_basic": -0.14,
    "eps_diluted": -0.14,
    "dividend": 0,
    "assets": 13579208,
    "cur_assets": 5473721,
    "cur_liab": 12469376,
    "cash": 3061841,
    "equity": -1141227,
    "cash_flow_op": -3151949,
    "cash_flow_inv": 1359673,
    "cash_flow_fin": -24116
  },
  {
    "symbol": "SNFCA",
    "end_date": "2014-12-31",
    "amend": "False",
    "period_focus": "FY",
    "fiscal_year": 2014,
    "doc_type": "10-K",
    "revenues": 226936674,
    "op_income": "",
    "net_income": 7754648,
    "eps_basic": 0.62,
    "eps_diluted": 0.6,
    "dividend": 0,
    "assets": 671069562,
    "cur_assets": "",
    "cur_liab": "",
    "cash": 30855320,
    "equity": 97091101,
    "cash_flow_op": 31015809,
    "cash_flow_inv": -44727656,
    "cash_flow_fin": 6364003
  },
  {
    "symbol": "SIEB",
    "end_date": "2014-12-31",
    "amend": "False",
    "period_focus": "FY",
    "fiscal_year": 2014,
    "doc_type": "10-K",
    "revenues": 15815000,
    "op_income": "",
    "net_income": -6557000,
    "eps_basic": -0.3,
    "eps_diluted": -0.3,
    "dividend": 0,
    "assets": 20728000,
    "cur_assets": "",
    "cur_liab": 7257896,
    "cash": 6749000,
    "equity": 18552000,
    "cash_flow_op": -8694000,
    "cash_flow_inv": 19000,
    "cash_flow_fin": 3973528
  },
  {
    "symbol": "SPU",
    "end_date": "2014-12-31",
    "amend": "False",
    "period_focus": "FY",
    "fiscal_year": 2014,
    "doc_type": "10-K",
    "revenues": 2900000,
    "op_income": 17442410,
    "net_income": 7871448,
    "eps_basic": 0.3,
    "eps_diluted": 0.3,
    "dividend": 0,
    "assets": 279434092,
    "cur_assets": 104611525,
    "cur_liab": 69761724,
    "cash": 25130302,
    "equity": 186087790,
    "cash_flow_op": 4176425,
    "cash_flow_inv": -40607798,
    "cash_flow_fin": -5164679
  },
  {
    "symbol": "SMTP",
    "end_date": "2014-12-31",
    "amend": "False",
    "period_focus": "FY",
    "fiscal_year": 2014,
    "doc_type": "10-K",
    "revenues": 7499497,
    "op_income": -956192,
    "net_income": -841212,
    "eps_basic": -0.17,
    "eps_diluted": -0.17,
    "dividend": 0,
    "assets": 21707628,
    "cur_assets": 3986616,
    "cur_liab": 1775830,
    "cash": 2825520,
    "equity": 12252487,
    "cash_flow_op": 427186,
    "cash_flow_inv": -7442237,
    "cash_flow_fin": 8115306
  },
  {
    "symbol": "SORL",
    "end_date": "2014-12-31",
    "amend": "False",
    "period_focus": "FY",
    "fiscal_year": 2014,
    "doc_type": "10-K",
    "revenues": 237654865,
    "op_income": 19842516,
    "net_income": 13801030,
    "eps_basic": 0.73,
    "eps_diluted": 0.73,
    "dividend": 0,
    "assets": 286906262,
    "cur_assets": 226929046,
    "cur_liab": 62981195,
    "cash": 14009597,
    "equity": 220189630,
    "cash_flow_op": 22561194,
    "cash_flow_inv": -38310843,
    "cash_flow_fin": 1108696
  },
  {
    "symbol": "SFBC",
    "end_date": "2014-12-31",
    "amend": "False",
    "period_focus": "FY",
    "fiscal_year": 2014,
    "doc_type": "10-K",
    "revenues": 25728000,
    "op_income": "",
    "net_income": 4088000,
    "eps_basic": 1.69,
    "eps_diluted": 1.63,
    "dividend": 0.2,
    "assets": 495187000,
    "cur_assets": "",
    "cur_liab": "",
    "cash": 29289000,
    "equity": 50644000,
    "cash_flow_op": 6803000,
    "cash_flow_inv": -38902000,
    "cash_flow_fin": 46054000
  },
  {
    "symbol": "SBSA",
    "end_date": "2014-12-31",
    "amend": "False",
    "period_focus": "FY",
    "fiscal_year": 2014,
    "doc_type": "10-K",
    "revenues": 146280000,
    "op_income": 35344000,
    "net_income": -19951000,
    "eps_basic": -2.75,
    "eps_diluted": -2.75,
    "dividend": 0,
    "assets": 451813000,
    "cur_assets": 53308000,
    "cur_liab": 161131000,
    "cash": 23991000,
    "equity": -74205000,
    "cash_flow_op": 4375000,
    "cash_flow_inv": -946000,
    "cash_flow_fin": -3004000
  },
  {
    "symbol": "SPLK",
    "end_date": "2015-01-31",
    "amend": "False",
    "period_focus": "FY",
    "fiscal_year": 2015,
    "doc_type": "10-K",
    "revenues": 450875000,
    "op_income": -215810000,
    "net_income": -217116000,
    "eps_basic": -1.81,
    "eps_diluted": -1.81,
    "dividend": 0,
    "assets": 1247791000,
    "cur_assets": 999833000,
    "cur_liab": 346648000,
    "cash": 387315000,
    "equity": 813321000,
    "cash_flow_op": 103980000,
    "cash_flow_inv": -645160000,
    "cash_flow_fin": 31610000
  },
  {
    "symbol": "SIBC",
    "end_date": "2014-12-31",
    "amend": "False",
    "period_focus": "FY",
    "fiscal_year": 2014,
    "doc_type": "10-K",
    "revenues": 11644000,
    "op_income": "",
    "net_income": 1267000,
    "eps_basic": 0.54,
    "eps_diluted": 0.53,
    "dividend": 0,
    "assets": 271900000,
    "cur_assets": "",
    "cur_liab": "",
    "cash": 5212000,
    "equity": 42033000,
    "cash_flow_op": 2914000,
    "cash_flow_inv": -17555000,
    "cash_flow_fin": 11119000
  },
  {
    "symbol": "STRN",
    "end_date": "2014-12-31",
    "amend": "False",
    "period_focus": "FY",
    "fiscal_year": 2014,
    "doc_type": "10-K",
    "revenues": 26243398,
    "op_income": 313710,
    "net_income": 484908,
    "eps_basic": 0.1,
    "eps_diluted": 0.09,
    "dividend": 0,
    "assets": 28351541,
    "cur_assets": 21138649,
    "cur_liab": 4236257,
    "cash": 7873903,
    "equity": 23475845,
    "cash_flow_op": 574204,
    "cash_flow_inv": -830267,
    "cash_flow_fin": 182
  },
  {
    "symbol": "SWSH",
    "end_date": "2014-12-31",
    "amend": "False",
    "period_focus": "FY",
    "fiscal_year": 2014,
    "doc_type": "10-K",
    "revenues": 193757000,
    "op_income": -45234000,
    "net_income": -46808000,
    "eps_basic": -2.64,
    "eps_diluted": -2.64,
    "dividend": 0,
    "assets": 113198000,
    "cur_assets": 44700000,
    "cur_liab": 26100000,
    "cash": 7233000,
    "equity": 81290000,
    "cash_flow_op": -6322000,
    "cash_flow_inv": -1544000,
    "cash_flow_fin": -4235000
  },
  {
    "symbol": "SYPR",
    "end_date": "2014-12-31",
    "amend": "False",
    "period_focus": "FY",
    "fiscal_year": 2014,
    "doc_type": "10-K",
    "revenues": 354776000,
    "op_income": 2720000,
    "net_income": -1237000,
    "eps_basic": -0.06,
    "eps_diluted": -0.06,
    "dividend": 0.08,
    "assets": 129681000,
    "cur_assets": 89366000,
    "cur_liab": 74802000,
    "cash": 7003000,
    "equity": 46888000,
    "cash_flow_op": 3045000,
    "cash_flow_inv": -5229000,
    "cash_flow_fin": -9487000
  },
  {
    "symbol": "TAIT",
    "end_date": "2014-12-31",
    "amend": "False",
    "period_focus": "FY",
    "fiscal_year": 2014,
    "doc_type": "10-K",
    "revenues": 5824000,
    "op_income": -658000,
    "net_income": -1138000,
    "eps_basic": -0.21,
    "eps_diluted": -0.21,
    "dividend": 0,
    "assets": 17926000,
    "cur_assets": 12617000,
    "cur_liab": 1136000,
    "cash": 3470000,
    "equity": 15790000,
    "cash_flow_op": 979000,
    "cash_flow_inv": -259000,
    "cash_flow_fin": ""
  },
  {
    "symbol": "TESO",
    "end_date": "2014-12-31",
    "amend": "False",
    "period_focus": "FY",
    "fiscal_year": 2014,
    "doc_type": "10-K",
    "revenues": 542991000,
    "op_income": 46543000,
    "net_income": 21436000,
    "eps_basic": 0.54,
    "eps_diluted": 0.53,
    "dividend": 0.15,
    "assets": 619266000,
    "cur_assets": 360689000,
    "cur_liab": 91702000,
    "cash": 72466000,
    "equity": 513127000,
    "cash_flow_op": 40580000,
    "cash_flow_inv": -39004000,
    "cash_flow_fin": -26387000
  },
  {
    "symbol": "FBMS",
    "end_date": "2014-12-31",
    "amend": "False",
    "period_focus": "FY",
    "fiscal_year": 2014,
    "doc_type": "10-K",
    "revenues": 44174250,
    "op_income": "",
    "net_income": 6250743,
    "eps_basic": 1.27,
    "eps_diluted": 1.25,
    "dividend": 0.15,
    "assets": 1093767719,
    "cur_assets": "",
    "cur_liab": "",
    "cash": 44617789,
    "equity": 96215584,
    "cash_flow_op": 7057258,
    "cash_flow_inv": -78692188,
    "cash_flow_fin": 77000794
  },
  {
    "symbol": "THTI",
    "end_date": "2014-12-31",
    "amend": "False",
    "period_focus": "FY",
    "fiscal_year": 2014,
    "doc_type": "10-K",
    "revenues": 61097433,
    "op_income": 3124533,
    "net_income": 2127923,
    "eps_basic": 0.1,
    "eps_diluted": 0.1,
    "dividend": 0,
    "assets": 113237261,
    "cur_assets": 95673416,
    "cur_liab": 47423430,
    "cash": 12247508,
    "equity": 65244355,
    "cash_flow_op": 6120482,
    "cash_flow_inv": 173378,
    "cash_flow_fin": -3172950
  },
  {
    "symbol": "TIPT",
    "end_date": "2014-12-31",
    "amend": "False",
    "period_focus": "FY",
    "fiscal_year": 2014,
    "doc_type": "10-K",
    "revenues": 80313000,
    "op_income": "",
    "net_income": -1710000,
    "eps_basic": -0.1,
    "eps_diluted": -0.1,
    "dividend": 0,
    "assets": 8195326000,
    "cur_assets": "",
    "cur_liab": "",
    "cash": 52987000,
    "equity": 401726000,
    "cash_flow_op": 91048000,
    "cash_flow_inv": -494165000,
    "cash_flow_fin": 363908000
  },
  {
    "symbol": "TRCB",
    "end_date": "2014-12-31",
    "amend": "False",
    "period_focus": "FY",
    "fiscal_year": 2014,
    "doc_type": "10-K",
    "revenues": 33318000,
    "op_income": "",
    "net_income": 5900000,
    "eps_basic": 0.74,
    "eps_diluted": 0.73,
    "dividend": 0.11,
    "assets": 781196000,
    "cur_assets": "",
    "cur_liab": "",
    "cash": 18349000,
    "equity": 93932000,
    "cash_flow_op": 5795000,
    "cash_flow_inv": -21823000,
    "cash_flow_fin": 4273000
  },
  {
    "symbol": "ULTA",
    "end_date": "2015-01-31",
    "amend": "False",
    "period_focus": "FY",
    "fiscal_year": 2015,
    "doc_type": "10-K",
    "revenues": 3241369000,
    "op_income": 410415000,
    "net_income": 257135000,
    "eps_basic": 4,
    "eps_diluted": 3.98,
    "dividend": 0,
    "assets": 1983170000,
    "cur_assets": 1260355000,
    "cur_liab": 359594000,
    "cash": 389149000,
    "equity": 1247509000,
    "cash_flow_op": 396592000,
    "cash_flow_inv": -399276000,
    "cash_flow_fin": -27643000
  },
  {
    "symbol": "TUBE",
    "end_date": "2014-12-31",
    "amend": "False",
    "period_focus": "FY",
    "fiscal_year": 2014,
    "doc_type": "10-K",
    "revenues": 114243000,
    "op_income": -1588000,
    "net_income": -4444000,
    "eps_basic": -0.22,
    "eps_diluted": -0.22,
    "dividend": 0,
    "assets": 142707000,
    "cur_assets": 137371000,
    "cur_liab": 71465000,
    "cash": 46592000,
    "equity": 70641000,
    "cash_flow_op": -13922000,
    "cash_flow_inv": -3707000,
    "cash_flow_fin": 44820000
  },
  {
    "symbol": "UNAM",
    "end_date": "2014-12-31",
    "amend": "False",
    "period_focus": "FY",
    "fiscal_year": 2014,
    "doc_type": "10-K",
    "revenues": 30470240,
    "op_income": "",
    "net_income": 846361,
    "eps_basic": 0.16,
    "eps_diluted": 0.16,
    "dividend": 0,
    "assets": 136015569,
    "cur_assets": "",
    "cur_liab": "",
    "cash": 309162,
    "equity": 71775094,
    "cash_flow_op": 2468186,
    "cash_flow_inv": -2535412,
    "cash_flow_fin": 0
  },
  {
    "symbol": "URBN",
    "end_date": "2015-01-31",
    "amend": "False",
    "period_focus": "FY",
    "fiscal_year": 2015,
    "doc_type": "10-K",
    "revenues": 3323077000,
    "op_income": 365385000,
    "net_income": 232428000,
    "eps_basic": 1.7,
    "eps_diluted": 1.68,
    "dividend": 0,
    "assets": 1888741000,
    "cur_assets": 809117000,
    "cur_liab": 353740000,
    "cash": 154558000,
    "equity": 1327969000,
    "cash_flow_op": 322321000,
    "cash_flow_inv": 194834000,
    "cash_flow_fin": -600907000
  },
  {
    "symbol": "UPLD",
    "end_date": "2014-12-31",
    "amend": "False",
    "period_focus": "FY",
    "fiscal_year": 2014,
    "doc_type": "10-K",
    "revenues": 64574000,
    "op_income": -18345000,
    "net_income": -21641000,
    "eps_basic": -4.43,
    "eps_diluted": -4.43,
    "dividend": 0,
    "assets": 135766000,
    "cur_assets": 47616000,
    "cur_liab": 45445000,
    "cash": 30988000,
    "equity": 71397000,
    "cash_flow_op": 1177000,
    "cash_flow_inv": -7078000,
    "cash_flow_fin": 32384000
  },
  {
    "symbol": "UTIW",
    "end_date": "2015-01-31",
    "amend": "False",
    "period_focus": "FY",
    "fiscal_year": 2015,
    "doc_type": "10-K",
    "revenues": 4179775000,
    "op_income": -115819000,
    "net_income": -214674000,
    "eps_basic": -2.04,
    "eps_diluted": -2.04,
    "dividend": 0,
    "assets": 1973952000,
    "cur_assets": 1295336000,
    "cur_liab": 816611000,
    "cash": 211832000,
    "equity": 500987000,
    "cash_flow_op": -57370000,
    "cash_flow_inv": -56220000,
    "cash_flow_fin": 128791000
  },
  {
    "symbol": "VPCO",
    "end_date": "2014-12-31",
    "amend": "False",
    "period_focus": "FY",
    "fiscal_year": 2014,
    "doc_type": "10-K",
    "revenues": 15279859,
    "op_income": -12718483,
    "net_income": -13852249,
    "eps_basic": -0.84,
    "eps_diluted": -0.84,
    "dividend": 0,
    "assets": 4928483,
    "cur_assets": 4125104,
    "cur_liab": 3997230,
    "cash": 471194,
    "equity": 811810,
    "cash_flow_op": -6290997,
    "cash_flow_inv": -1077505,
    "cash_flow_fin": 1269481
  },
  {
    "symbol": "VTNR",
    "end_date": "2014-12-31",
    "amend": "False",
    "period_focus": "FY",
    "fiscal_year": 2014,
    "doc_type": "10-K",
    "revenues": 258904867,
    "op_income": -10494621,
    "net_income": -5546243,
    "eps_basic": -0.23,
    "eps_diluted": -0.23,
    "dividend": 0,
    "assets": 133822231,
    "cur_assets": 33749232,
    "cur_liab": 63076685,
    "cash": 6017076,
    "equity": 58619972,
    "cash_flow_op": -1525488,
    "cash_flow_inv": -40205030,
    "cash_flow_fin": 45068966
  },
  {
    "symbol": "VRTA",
    "end_date": "2014-12-31",
    "amend": "False",
    "period_focus": "FY",
    "fiscal_year": 2014,
    "doc_type": "10-K",
    "revenues": 1198000,
    "op_income": -1726000,
    "net_income": -1198000,
    "eps_basic": -1.08,
    "eps_diluted": -1.08,
    "dividend": 0,
    "assets": 20796000,
    "cur_assets": "",
    "cur_liab": "",
    "cash": 1395000,
    "equity": 18391000,
    "cash_flow_op": 236000,
    "cash_flow_inv": -8094000,
    "cash_flow_fin": 1625000
  },
  {
    "symbol": "VRA",
    "end_date": "2015-01-31",
    "amend": "False",
    "period_focus": "FY",
    "fiscal_year": 2015,
    "doc_type": "10-K",
    "revenues": 508990000,
    "op_income": 64070000,
    "net_income": 38449000,
    "eps_basic": 0.95,
    "eps_diluted": 0.95,
    "dividend": 0,
    "assets": 377284000,
    "cur_assets": 267697000,
    "cur_liab": 63049000,
    "cash": 112292000,
    "equity": 284471000,
    "cash_flow_op": 103812000,
    "cash_flow_inv": -37128000,
    "cash_flow_fin": -13604000
  },
  {
    "symbol": "VRTB",
    "end_date": "2014-12-31",
    "amend": "False",
    "period_focus": "FY",
    "fiscal_year": 2014,
    "doc_type": "10-K",
    "revenues": 4777000,
    "op_income": -5022000,
    "net_income": -1105000,
    "eps_basic": -1.2,
    "eps_diluted": -1.2,
    "dividend": 0,
    "assets": 68915000,
    "cur_assets": "",
    "cur_liab": "",
    "cash": 7541000,
    "equity": 36082000,
    "cash_flow_op": -4711000,
    "cash_flow_inv": 3373000,
    "cash_flow_fin": 1216000
  },
  {
    "symbol": "VSCP",
    "end_date": "2014-12-31",
    "amend": "False",
    "period_focus": "FY",
    "fiscal_year": 2014,
    "doc_type": "10-K",
    "revenues": 10452484,
    "op_income": -3423563,
    "net_income": -3590423,
    "eps_basic": -1.2,
    "eps_diluted": -1.2,
    "dividend": 0,
    "assets": 7824234,
    "cur_assets": 6270930,
    "cur_liab": 2976728,
    "cash": 4046599,
    "equity": 4847506,
    "cash_flow_op": -2857259,
    "cash_flow_inv": -300772,
    "cash_flow_fin": -126000
  },
  {
    "symbol": "VLTC",
    "end_date": "2014-12-31",
    "amend": "False",
    "period_focus": "FY",
    "fiscal_year": 2014,
    "doc_type": "10-K",
    "revenues": 12240000,
    "op_income": -28103000,
    "net_income": -34689000,
    "eps_basic": -7.17,
    "eps_diluted": -7.17,
    "dividend": 0,
    "assets": 12330000,
    "cur_assets": 11475000,
    "cur_liab": 5558000,
    "cash": 6448000,
    "equity": -29637000,
    "cash_flow_op": -16474000,
    "cash_flow_inv": -2019000,
    "cash_flow_fin": -536000
  },
  {
    "symbol": "VTAE",
    "end_date": "2014-12-31",
    "amend": "False",
    "period_focus": "FY",
    "fiscal_year": 2014,
    "doc_type": "10-K",
    "revenues": 8668786,
    "op_income": -18549904,
    "net_income": -19103406,
    "eps_basic": -3.61,
    "eps_diluted": -3.61,
    "dividend": 0,
    "assets": 67659865,
    "cur_assets": 66834493,
    "cur_liab": 8864107,
    "cash": 29494755,
    "equity": 58718051,
    "cash_flow_op": -17845752,
    "cash_flow_inv": -24816937,
    "cash_flow_fin": 51002197
  },
  {
    "symbol": "WLDN",
    "end_date": "2015-01-02",
    "amend": "False",
    "period_focus": "FY",
    "fiscal_year": 2014,
    "doc_type": "10-K",
    "revenues": 108080000,
    "op_income": 8309000,
    "net_income": 9416000,
    "eps_basic": 1.26,
    "eps_diluted": 1.22,
    "dividend": 0,
    "assets": 54659000,
    "cur_assets": 48182000,
    "cur_liab": 23776000,
    "cash": 20371000,
    "equity": 30413000,
    "cash_flow_op": 12621000,
    "cash_flow_inv": -487000,
    "cash_flow_fin": 103000
  },
  {
    "symbol": "WLRH",
    "end_date": "2014-12-31",
    "amend": "False",
    "period_focus": "FY",
    "fiscal_year": 2014,
    "doc_type": "10-K",
    "revenues": "",
    "op_income": "",
    "net_income": "",
    "eps_basic": "",
    "eps_diluted": "",
    "dividend": 0,
    "assets": 501269689,
    "cur_assets": 954043,
    "cur_liab": 996375,
    "cash": 801415,
    "equity": 5000004,
    "cash_flow_op": -258985,
    "cash_flow_inv": -500250000,
    "cash_flow_fin": 501310400
  },
  {
    "symbol": "XGTI",
    "end_date": "2014-12-31",
    "amend": "False",
    "period_focus": "FY",
    "fiscal_year": 2014,
    "doc_type": "10-K",
    "revenues": 628000,
    "op_income": -19239000,
    "net_income": -18978000,
    "eps_basic": -0.83,
    "eps_diluted": -0.83,
    "dividend": 0,
    "assets": 23139000,
    "cur_assets": 5941000,
    "cur_liab": 4404000,
    "cash": 758000,
    "equity": 16357000,
    "cash_flow_op": -14619000,
    "cash_flow_inv": -1905000,
    "cash_flow_fin": 11765000
  },
  {
    "symbol": "ZAZA",
    "end_date": "2014-12-31",
    "amend": "False",
    "period_focus": "FY",
    "fiscal_year": 2014,
    "doc_type": "10-K",
    "revenues": 11480000,
    "op_income": -22099000,
    "net_income": -8226000,
    "eps_basic": -0.75,
    "eps_diluted": -0.75,
    "dividend": 0,
    "assets": 60216000,
    "cur_assets": 8957000,
    "cur_liab": 22261000,
    "cash": 6277000,
    "equity": -59449000,
    "cash_flow_op": -17219000,
    "cash_flow_inv": 5637000,
    "cash_flow_fin": 2623000
  }
]
