[
  {
    "symbol": "AAMC",
    "end_date": "2015-09-30",
    "amend": "False",
    "period_focus": "Q3",
    "fiscal_year": 2015,
    "doc_type": "10-Q",
    "revenues": 58523000,
    "op_income": "",
    "net_income": -2032000,
    "eps_basic": -0.92,
    "eps_diluted": -0.92,
    "dividend": 0,
    "assets": 2810701000,
    "cur_assets": "",
    "cur_liab": "",
    "cash": 152634000,
    "equity": 1050507000,
    "cash_flow_op": -130548000,
    "cash_flow_inv": 165749000,
    "cash_flow_fin": 651000
  },
  {
    "symbol": "BTX",
    "end_date": "2015-09-30",
    "amend": "False",
    "period_focus": "Q3",
    "fiscal_year": 2015,
    "doc_type": "10-Q",
    "revenues": 2306000,
    "op_income": -17104000,
    "net_income": -13989000,
    "eps_basic": -0.18,
    "eps_diluted": -0.18,
    "dividend": 0,
    "assets": 76859000,
    "cur_assets": 34365000,
    "cur_liab": 10336000,
    "cash": 29378000,
    "equity": 60934000,
    "cash_flow_op": -30597000,
    "cash_flow_inv": -4853000,
    "cash_flow_fin": 35231000
  },
  {
    "symbol": "ROX",
    "end_date": "2015-09-30",
    "amend": "False",
    "period_focus": "Q2",
    "fiscal_year": 2016,
    "doc_type": "10-Q",
    "revenues": 18536509,
    "op_income": 190788,
    "net_income": -1011271,
    "eps_basic": -0.01,
    "eps_diluted": -0.01,
    "dividend": 0,
    "assets": 46767539,
    "cur_assets": 36922979,
    "cur_liab": 9946190,
    "cash": 1739240,
    "equity": 23125786,
    "cash_flow_op": -1124798,
    "cash_flow_inv": -719557,
    "cash_flow_fin": 2395011
  },
  {
    "symbol": "CVU",
    "end_date": "2015-09-30",
    "amend": "False",
    "period_focus": "Q3",
    "fiscal_year": 2015,
    "doc_type": "10-Q",
    "revenues": 26790881,
    "op_income": 3697467,
    "net_income": 2446085,
    "eps_basic": 0.29,
    "eps_diluted": 0.28,
    "dividend": 0,
    "assets": 114092920,
    "cur_assets": 110171083,
    "cur_liab": 42598494,
    "cash": 1893534,
    "equity": 69785876,
    "cash_flow_op": 1605574,
    "cash_flow_inv": "",
    "cash_flow_fin": -1089994
  },
  {
    "symbol": "ERN",
    "end_date": "2015-09-30",
    "amend": "False",
    "period_focus": "Q3",
    "fiscal_year": 2015,
    "doc_type": "10-Q",
    "revenues": 28667000,
    "op_income": -53423000,
    "net_income": -58682000,
    "eps_basic": -0.28,
    "eps_diluted": -0.28,
    "dividend": 0,
    "assets": 714416000,
    "cur_assets": 52806000,
    "cur_liab": 253019000,
    "cash": 4201000,
    "equity": 243858000,
    "cash_flow_op": -16148000,
    "cash_flow_inv": -83156000,
    "cash_flow_fin": 77526000
  },
  {
    "symbol": "ELMD",
    "end_date": "2015-09-30",
    "amend": "False",
    "period_focus": "Q1",
    "fiscal_year": 2016,
    "doc_type": "10-Q",
    "revenues": 5001188,
    "op_income": 585168,
    "net_income": 340962,
    "eps_basic": 0.04,
    "eps_diluted": 0.04,
    "dividend": 0,
    "assets": 17625364,
    "cur_assets": 12896620,
    "cur_liab": 2131994,
    "cash": 3782977,
    "equity": 14303442,
    "cash_flow_op": 311430,
    "cash_flow_inv": -114835,
    "cash_flow_fin": ""
  },
  {
    "symbol": "EGAS",
    "end_date": "2015-09-30",
    "amend": "False",
    "period_focus": "Q3",
    "fiscal_year": 2015,
    "doc_type": "10-Q",
    "revenues": 13083815,
    "op_income": -3041653,
    "net_income": 1131014,
    "eps_basic": -0.22,
    "eps_diluted": -0.22,
    "dividend": 0.135,
    "assets": 195158097,
    "cur_assets": 28229124,
    "cur_liab": 38582423,
    "cash": 3904154,
    "equity": 98096428,
    "cash_flow_op": 12247742,
    "cash_flow_inv": -7561267,
    "cash_flow_fin": -17961910
  },
  {
    "symbol": "GLOW",
    "end_date": "2015-09-30",
    "amend": "False",
    "period_focus": "Q3",
    "fiscal_year": 2015,
    "doc_type": "10-Q",
    "revenues": 6160000,
    "op_income": -337000,
    "net_income": -719000,
    "eps_basic": -0.02,
    "eps_diluted": -0.02,
    "dividend": 0,
    "assets": 21070000,
    "cur_assets": 5394000,
    "cur_liab": 3075000,
    "cash": 1725000,
    "equity": 7068000,
    "cash_flow_op": 1382000,
    "cash_flow_inv": -1054000,
    "cash_flow_fin": -541000
  },
  {
    "symbol": "HCHC",
    "end_date": "2015-09-30",
    "amend": "False",
    "period_focus": "Q3",
    "fiscal_year": 2015,
    "doc_type": "10-Q",
    "revenues": 277467000,
    "op_income": 2403000,
    "net_income": -5605000,
    "eps_basic": -0.22,
    "eps_diluted": -0.22,
    "dividend": 0,
    "assets": 765027000,
    "cur_assets": 359724000,
    "cur_liab": 219263000,
    "cash": 81066000,
    "equity": 82142000,
    "cash_flow_op": -33599000,
    "cash_flow_inv": -44198000,
    "cash_flow_fin": 55531000
  },
  {
    "symbol": "IRT",
    "end_date": "2015-09-30",
    "amend": "False",
    "period_focus": "Q3",
    "fiscal_year": 2015,
    "doc_type": "10-Q",
    "revenues": 25492000,
    "op_income": -5792000,
    "net_income": 24015000,
    "eps_basic": 0.71,
    "eps_diluted": 0.71,
    "dividend": 0,
    "assets": 1413255000,
    "cur_assets": "",
    "cur_liab": "",
    "cash": 16939000,
    "equity": 394455000,
    "cash_flow_op": 4967000,
    "cash_flow_inv": -169605000,
    "cash_flow_fin": 166814000
  },
  {
    "symbol": "NSPR",
    "end_date": "2015-09-30",
    "amend": "False",
    "period_focus": "Q3",
    "fiscal_year": 2015,
    "doc_type": "10-Q",
    "revenues": 632000,
    "op_income": -3411000,
    "net_income": -3641000,
    "eps_basic": -0.48,
    "eps_diluted": -0.48,
    "dividend": 0,
    "assets": "",
    "cur_assets": "",
    "cur_liab": "",
    "cash": "",
    "equity": "",
    "cash_flow_op": -9379000,
    "cash_flow_inv": 9000,
    "cash_flow_fin": 9605000
  },
  {
    "symbol": "IDN",
    "end_date": "2015-09-30",
    "amend": "False",
    "period_focus": "Q3",
    "fiscal_year": 2015,
    "doc_type": "10-Q",
    "revenues": 2199473,
    "op_income": -1379458,
    "net_income": -1267797,
    "eps_basic": -0.13,
    "eps_diluted": -0.13,
    "dividend": 0,
    "assets": 19903067,
    "cur_assets": 8593809,
    "cur_liab": 1768621,
    "cash": 6665599,
    "equity": 17684260,
    "cash_flow_op": -3744765,
    "cash_flow_inv": -156642,
    "cash_flow_fin": 7600656
  },
  {
    "symbol": "IMH",
    "end_date": "2015-09-30",
    "amend": "False",
    "period_focus": "Q3",
    "fiscal_year": 2015,
    "doc_type": "10-Q",
    "revenues": 47652000,
    "op_income": 22975000,
    "net_income": 19309000,
    "eps_basic": 1.89,
    "eps_diluted": 1.48,
    "dividend": 0,
    "assets": 5594883000,
    "cur_assets": "",
    "cur_liab": "",
    "cash": 10509000,
    "equity": 102915000,
    "cash_flow_op": -137218000,
    "cash_flow_inv": 456677000,
    "cash_flow_fin": -319023000
  },
  {
    "symbol": "ISR",
    "end_date": "2015-09-30",
    "amend": "False",
    "period_focus": "Q1",
    "fiscal_year": 2016,
    "doc_type": "10-Q",
    "revenues": 1261322,
    "op_income": -1090577,
    "net_income": -1021768,
    "eps_basic": -0.02,
    "eps_diluted": -0.02,
    "dividend": 0,
    "assets": 21908898,
    "cur_assets": 15340373,
    "cur_liab": 931384,
    "cash": 1587009,
    "equity": 19842178,
    "cash_flow_op": -1109572,
    "cash_flow_inv": -2576894,
    "cash_flow_fin": 46735
  },
  {
    "symbol": "ITI",
    "end_date": "2015-09-30",
    "amend": "False",
    "period_focus": "Q2",
    "fiscal_year": 2016,
    "doc_type": "10-Q",
    "revenues": 20573000,
    "op_income": -569000,
    "net_income": -395000,
    "eps_basic": -0.01,
    "eps_diluted": -0.01,
    "dividend": 0,
    "assets": 69715000,
    "cur_assets": 43495000,
    "cur_liab": 14124000,
    "cash": 19137000,
    "equity": 54614000,
    "cash_flow_op": -1470000,
    "cash_flow_inv": -391000,
    "cash_flow_fin": -963000
  },
  {
    "symbol": "MHH",
    "end_date": "2015-09-30",
    "amend": "False",
    "period_focus": "Q3",
    "fiscal_year": 2015,
    "doc_type": "10-Q",
    "revenues": 34565000,
    "op_income": 1523000,
    "net_income": 887000,
    "eps_basic": 0.2,
    "eps_diluted": 0.2,
    "dividend": 0,
    "assets": 39765000,
    "cur_assets": 21835000,
    "cur_liab": 10703000,
    "cash": 698000,
    "equity": 14531000,
    "cash_flow_op": -975000,
    "cash_flow_inv": -17082000,
    "cash_flow_fin": 16187000
  },
  {
    "symbol": "NAVB",
    "end_date": "2015-09-30",
    "amend": "False",
    "period_focus": "Q3",
    "fiscal_year": 2015,
    "doc_type": "10-Q",
    "revenues": 3979277,
    "op_income": -4323077,
    "net_income": -8070764,
    "eps_basic": -0.05,
    "eps_diluted": -0.05,
    "dividend": 0,
    "assets": 17483457,
    "cur_assets": 14964662,
    "cur_liab": 6237634,
    "cash": 11370420,
    "equity": -51819627,
    "cash_flow_op": -14881135,
    "cash_flow_inv": -19233,
    "cash_flow_fin": 20791782
  },
  {
    "symbol": "NTN",
    "end_date": "2015-09-30",
    "amend": "False",
    "period_focus": "Q3",
    "fiscal_year": 2015,
    "doc_type": "10-Q",
    "revenues": 2708000,
    "op_income": -1314000,
    "net_income": -1348000,
    "eps_basic": -0.01,
    "eps_diluted": -0.01,
    "dividend": 0,
    "assets": 17282000,
    "cur_assets": 9669000,
    "cur_liab": 5707000,
    "cash": 4678000,
    "equity": 4780000,
    "cash_flow_op": -2304000,
    "cash_flow_inv": -1292000,
    "cash_flow_fin": 1204000
  },
  {
    "symbol": "TIS",
    "end_date": "2015-09-30",
    "amend": "False",
    "period_focus": "Q3",
    "fiscal_year": 2015,
    "doc_type": "10-Q",
    "revenues": 46832000,
    "op_income": 7032000,
    "net_income": 4741000,
    "eps_basic": 0.46,
    "eps_diluted": 0.45,
    "dividend": 0.35,
    "assets": 211270000,
    "cur_assets": 38502000,
    "cur_liab": 18244000,
    "cash": 8550000,
    "equity": 133251000,
    "cash_flow_op": 13183000,
    "cash_flow_inv": -35485000,
    "cash_flow_fin": 29831000
  },
  {
    "symbol": "PZG",
    "end_date": "2015-09-30",
    "amend": "False",
    "period_focus": "Q1",
    "fiscal_year": 2016,
    "doc_type": "10-Q",
    "revenues": 5202,
    "op_income": -803279,
    "net_income": -801993,
    "eps_basic": 0.09,
    "eps_diluted": 0.09,
    "dividend": 0,
    "assets": 39396158,
    "cur_assets": 8827928,
    "cur_liab": 118659,
    "cash": 8278343,
    "equity": 37946004,
    "cash_flow_op": -997714,
    "cash_flow_inv": -6477,
    "cash_flow_fin": ""
  },
  {
    "symbol": "PLX",
    "end_date": "2015-09-30",
    "amend": "False",
    "period_focus": "Q3",
    "fiscal_year": 2015,
    "doc_type": "10-Q",
    "revenues": 35127000,
    "op_income": -2807000,
    "net_income": -3820000,
    "eps_basic": -0.04,
    "eps_diluted": -0.04,
    "dividend": 0,
    "assets": 59492000,
    "cur_assets": 47876000,
    "cur_liab": 22853000,
    "cash": 34248000,
    "equity": -68511000,
    "cash_flow_op": -20427000,
    "cash_flow_inv": -516000,
    "cash_flow_fin": 534000
  },
  {
    "symbol": "SGA",
    "end_date": "2015-09-30",
    "amend": "False",
    "period_focus": "Q3",
    "fiscal_year": 2015,
    "doc_type": "10-Q",
    "revenues": 33831000,
    "op_income": 6497000,
    "net_income": 3066000,
    "eps_basic": 0.54,
    "eps_diluted": 0.53,
    "dividend": 0.2,
    "assets": 204162000,
    "cur_assets": 46385000,
    "cur_liab": 16475000,
    "cash": 18866000,
    "equity": 121884000,
    "cash_flow_op": 19348000,
    "cash_flow_inv": -15282000,
    "cash_flow_fin": -3107000
  },
  {
    "symbol": "TRXC",
    "end_date": "2015-09-30",
    "amend": "False",
    "period_focus": "Q3",
    "fiscal_year": 2015,
    "doc_type": "10-Q",
    "revenues": 25000000,
    "op_income": -13564000,
    "net_income": -13901000,
    "eps_basic": -0.16,
    "eps_diluted": -0.16,
    "dividend": 0,
    "assets": 268432000,
    "cur_assets": 61862000,
    "cur_liab": 15334000,
    "cash": 52893000,
    "equity": 192696000,
    "cash_flow_op": -24575000,
    "cash_flow_inv": -25728000,
    "cash_flow_fin": 68430000
  },
  {
    "symbol": "HTM",
    "end_date": "2015-09-30",
    "amend": "False",
    "period_focus": "Q3",
    "fiscal_year": 2016,
    "doc_type": "10-Q",
    "revenues": 6929847,
    "op_income": 1622015,
    "net_income": 280864,
    "eps_basic": 0,
    "eps_diluted": 0,
    "dividend": 0,
    "assets": 228067990,
    "cur_assets": 20565197,
    "cur_liab": 6078558,
    "cash": 11172575,
    "equity": 130240181,
    "cash_flow_op": 9137872,
    "cash_flow_inv": -3544542,
    "cash_flow_fin": -7415730
  },
  {
    "symbol": "TMP",
    "end_date": "2015-09-30",
    "amend": "False",
    "period_focus": "Q3",
    "fiscal_year": 2015,
    "doc_type": "10-Q",
    "revenues": 64952000,
    "op_income": "",
    "net_income": 14308000,
    "eps_basic": 0.97,
    "eps_diluted": 0.96,
    "dividend": 0,
    "assets": 5594718000,
    "cur_assets": "",
    "cur_liab": "",
    "cash": 105074000,
    "equity": 517959000,
    "cash_flow_op": 60671000,
    "cash_flow_inv": -291093000,
    "cash_flow_fin": 281445000
  },
  {
    "symbol": "VHC",
    "end_date": "2015-09-30",
    "amend": "False",
    "period_focus": "Q3",
    "fiscal_year": 2015,
    "doc_type": "10-Q",
    "revenues": 3375000,
    "op_income": -6102000,
    "net_income": -6097000,
    "eps_basic": -0.12,
    "eps_diluted": -0.12,
    "dividend": 0,
    "assets": 24515000,
    "cur_assets": 21611000,
    "cur_liab": 4307000,
    "cash": 9990000,
    "equity": 18333000,
    "cash_flow_op": -21754000,
    "cash_flow_inv": 11771000,
    "cash_flow_fin": 1315000
  },
  {
    "symbol": "UAMY",
    "end_date": "2015-09-30",
    "amend": "False",
    "period_focus": "Q3",
    "fiscal_year": 2015,
    "doc_type": "10-Q",
    "revenues": 3505452,
    "op_income": -105048,
    "net_income": -148052,
    "eps_basic": 0,
    "eps_diluted": 0,
    "dividend": 0,
    "assets": 19710027,
    "cur_assets": 3734961,
    "cur_liab": 3092124,
    "cash": 203324,
    "equity": 13404860,
    "cash_flow_op": 266142,
    "cash_flow_inv": -1344034,
    "cash_flow_fin": 1157533
  },
  {
    "symbol": "UQM",
    "end_date": "2015-09-30",
    "amend": "False",
    "period_focus": "Q2",
    "fiscal_year": 2016,
    "doc_type": "10-Q",
    "revenues": 1734810,
    "op_income": -2418143,
    "net_income": -2409047,
    "eps_basic": -0.06,
    "eps_diluted": -0.06,
    "dividend": 0,
    "assets": 20790701,
    "cur_assets": 14053010,
    "cur_liab": 2469966,
    "cash": 4018487,
    "equity": 18115179,
    "cash_flow_op": -2430817,
    "cash_flow_inv": -66933,
    "cash_flow_fin": -69466
  },
  {
    "symbol": "WYY",
    "end_date": "2015-09-30",
    "amend": "False",
    "period_focus": "Q3",
    "fiscal_year": 2015,
    "doc_type": "10-Q",
    "revenues": 16994858,
    "op_income": -1631776,
    "net_income": -1763280,
    "eps_basic": -0.021,
    "eps_diluted": -0.021,
    "dividend": 0,
    "assets": 52577849,
    "cur_assets": 26951557,
    "cur_liab": 17976018,
    "cash": 10443065,
    "equity": 33282989,
    "cash_flow_op": -2825132,
    "cash_flow_inv": -495378,
    "cash_flow_fin": 695494
  },
  {
    "symbol": "ABAX",
    "end_date": "2015-09-30",
    "amend": "False",
    "period_focus": "Q2",
    "fiscal_year": 2016,
    "doc_type": "10-Q",
    "revenues": 55975000,
    "op_income": 12169000,
    "net_income": 7816000,
    "eps_basic": 0.34,
    "eps_diluted": 0.34,
    "dividend": 0.11,
    "assets": 268141000,
    "cur_assets": 210335000,
    "cur_liab": 28690000,
    "cash": 83633000,
    "equity": 232523000,
    "cash_flow_op": 9276000,
    "cash_flow_inv": -24486000,
    "cash_flow_fin": -8388000
  },
  {
    "symbol": "ACTG",
    "end_date": "2015-09-30",
    "amend": "False",
    "period_focus": "Q3",
    "fiscal_year": 2015,
    "doc_type": "10-Q",
    "revenues": 12994000,
    "op_income": -26836000,
    "net_income": -27450000,
    "eps_basic": -0.55,
    "eps_diluted": -0.55,
    "dividend": 0.125,
    "assets": 467647000,
    "cur_assets": 187340000,
    "cur_liab": 26720000,
    "cash": 157775000,
    "equity": 439475000,
    "cash_flow_op": 2155000,
    "cash_flow_inv": 39307000,
    "cash_flow_fin": -18153000
  },
  {
    "symbol": "ACOR",
    "end_date": "2015-09-30",
    "amend": "False",
    "period_focus": "Q3",
    "fiscal_year": 2015,
    "doc_type": "10-Q",
    "revenues": 148199000,
    "op_income": 25687000,
    "net_income": 3941000,
    "eps_basic": 0.09,
    "eps_diluted": 0.09,
    "dividend": 0,
    "assets": 1100278000,
    "cur_assets": 429568000,
    "cur_liab": 93239000,
    "cash": 89837000,
    "equity": 574888000,
    "cash_flow_op": 16156000,
    "cash_flow_inv": -116274000,
    "cash_flow_fin": 7785000
  },
  {
    "symbol": "ANCX",
    "end_date": "2015-09-30",
    "amend": "False",
    "period_focus": "Q3",
    "fiscal_year": 2015,
    "doc_type": "10-Q",
    "revenues": 17568000,
    "op_income": "",
    "net_income": 3944000,
    "eps_basic": 0.37,
    "eps_diluted": 0.37,
    "dividend": 0,
    "assets": 1118229000,
    "cur_assets": "",
    "cur_liab": "",
    "cash": 11085000,
    "equity": 107629000,
    "cash_flow_op": 16588000,
    "cash_flow_inv": -84023000,
    "cash_flow_fin": 56272000
  },
  {
    "symbol": "ADMP",
    "end_date": "2015-09-30",
    "amend": "False",
    "period_focus": "Q3",
    "fiscal_year": 2015,
    "doc_type": "10-Q",
    "revenues": "",
    "op_income": -3307642,
    "net_income": -3148207,
    "eps_basic": -0.23,
    "eps_diluted": -0.24,
    "dividend": 0,
    "assets": 14577967,
    "cur_assets": 6377675,
    "cur_liab": 2231173,
    "cash": 6310340,
    "equity": 12346794,
    "cash_flow_op": -8105886,
    "cash_flow_inv": "",
    "cash_flow_fin": 10641561
  },
  {
    "symbol": "ADMA",
    "end_date": "2015-09-30",
    "amend": "False",
    "period_focus": "Q3",
    "fiscal_year": 2015,
    "doc_type": "10-Q",
    "revenues": 1852413,
    "op_income": -4664198,
    "net_income": -5102424,
    "eps_basic": -0.48,
    "eps_diluted": -0.48,
    "dividend": 0,
    "assets": 27824030,
    "cur_assets": 25240341,
    "cur_liab": 4298235,
    "cash": 9177767,
    "equity": 4914242,
    "cash_flow_op": -11340195,
    "cash_flow_inv": -7142255,
    "cash_flow_fin": 10461187
  },
  {
    "symbol": "AEGR",
    "end_date": "2015-09-30",
    "amend": "False",
    "period_focus": "Q3",
    "fiscal_year": 2015,
    "doc_type": "10-Q",
    "revenues": 67303000,
    "op_income": -2388000,
    "net_income": -9765000,
    "eps_basic": -0.34,
    "eps_diluted": -0.34,
    "dividend": 0,
    "assets": 453333000,
    "cur_assets": 185263000,
    "cur_liab": 76204000,
    "cash": 71738000,
    "equity": 145056000,
    "cash_flow_op": 24097000,
    "cash_flow_inv": -326207000,
    "cash_flow_fin": -1794000
  },
  {
    "symbol": "AGRX",
    "end_date": "2015-09-30",
    "amend": "False",
    "period_focus": "Q3",
    "fiscal_year": 2015,
    "doc_type": "10-Q",
    "revenues": "",
    "op_income": -8965201,
    "net_income": -9411441,
    "eps_basic": -0.42,
    "eps_diluted": -0.42,
    "dividend": 0,
    "assets": 55085584,
    "cur_assets": 40665012,
    "cur_liab": 6949339,
    "cash": 39404313,
    "equity": 32745950,
    "cash_flow_op": -20409878,
    "cash_flow_inv": -288398,
    "cash_flow_fin": 19920448
  },
  {
    "symbol": "AKAM",
    "end_date": "2015-09-30",
    "amend": "False",
    "period_focus": "Q3",
    "fiscal_year": 2015,
    "doc_type": "10-Q",
    "revenues": 551030000,
    "op_income": 115689000,
    "net_income": 88040000,
    "eps_basic": 0.49,
    "eps_diluted": 0.49,
    "dividend": 0,
    "assets": 4184809000,
    "cur_assets": 1210985000,
    "cur_liab": 332006000,
    "cash": 256471000,
    "equity": 3085663000,
    "cash_flow_op": 546360000,
    "cash_flow_inv": -348692000,
    "cash_flow_fin": -172508000
  },
  {
    "symbol": "AKBA",
    "end_date": "2015-09-30",
    "amend": "False",
    "period_focus": "Q3",
    "fiscal_year": 2015,
    "doc_type": "10-Q",
    "revenues": 64000,
    "op_income": -19678000,
    "net_income": -19475000,
    "eps_basic": -0.68,
    "eps_diluted": -0.68,
    "dividend": 0,
    "assets": 159588000,
    "cur_assets": 158804000,
    "cur_liab": 14166000,
    "cash": 66712000,
    "equity": 145412000,
    "cash_flow_op": -29495000,
    "cash_flow_inv": -15326000,
    "cash_flow_fin": 78753000
  },
  {
    "symbol": "AMRI",
    "end_date": "2015-09-30",
    "amend": "False",
    "period_focus": "Q3",
    "fiscal_year": 2015,
    "doc_type": "10-Q",
    "revenues": 104579000,
    "op_income": 10000,
    "net_income": -4170000,
    "eps_basic": -0.12,
    "eps_diluted": -0.12,
    "dividend": 0,
    "assets": 819868000,
    "cur_assets": 303429000,
    "cur_liab": 99284000,
    "cash": 79462000,
    "equity": 288737000,
    "cash_flow_op": 38495000,
    "cash_flow_inv": -159338000,
    "cash_flow_fin": 155055000
  },
  {
    "symbol": "AIQ",
    "end_date": "2015-09-30",
    "amend": "False",
    "period_focus": "Q3",
    "fiscal_year": 2015,
    "doc_type": "10-Q",
    "revenues": 120784000,
    "op_income": "",
    "net_income": 7204000,
    "eps_basic": 0.67,
    "eps_diluted": 0.67,
    "dividend": 0,
    "assets": 593234000,
    "cur_assets": 146887000,
    "cur_liab": 95476000,
    "cash": 44848000,
    "equity": -71656000,
    "cash_flow_op": 64695000,
    "cash_flow_inv": -74195000,
    "cash_flow_fin": 21315000
  },
  {
    "symbol": "ALIM",
    "end_date": "2015-09-30",
    "amend": "False",
    "period_focus": "Q3",
    "fiscal_year": 2015,
    "doc_type": "10-Q",
    "revenues": 6901000,
    "op_income": -8444000,
    "net_income": -1543000,
    "eps_basic": -0.03,
    "eps_diluted": -0.03,
    "dividend": 0,
    "assets": 79013000,
    "cur_assets": 53388000,
    "cur_liab": 6737000,
    "cash": 39340000,
    "equity": 33361000,
    "cash_flow_op": -36472000,
    "cash_flow_inv": -370000,
    "cash_flow_fin": -214000
  },
  {
    "symbol": "ALNY",
    "end_date": "2015-09-30",
    "amend": "False",
    "period_focus": "Q3",
    "fiscal_year": 2015,
    "doc_type": "10-Q",
    "revenues": 52117000,
    "op_income": -78330000,
    "net_income": -76792000,
    "eps_basic": -0.91,
    "eps_diluted": -0.91,
    "dividend": 0,
    "assets": 1436144000,
    "cur_assets": 1041793000,
    "cur_liab": 57112000,
    "cash": 149218000,
    "equity": 1321604000,
    "cash_flow_op": -136076000,
    "cash_flow_inv": -399594000,
    "cash_flow_fin": 609709000
  },
  {
    "symbol": "AMBC",
    "end_date": "2015-09-30",
    "amend": "False",
    "period_focus": "Q3",
    "fiscal_year": 2015,
    "doc_type": "10-Q",
    "revenues": 87690000,
    "op_income": "",
    "net_income": -390987000,
    "eps_basic": -8.66,
    "eps_diluted": -8.66,
    "dividend": 0,
    "assets": 24266919000,
    "cur_assets": "",
    "cur_liab": "",
    "cash": 27099000,
    "equity": 1629037000,
    "cash_flow_op": 80908000,
    "cash_flow_inv": -181908000,
    "cash_flow_fin": 54196000
  },
  {
    "symbol": "AAN",
    "end_date": "2015-09-30",
    "amend": "False",
    "period_focus": "Q3",
    "fiscal_year": 2015,
    "doc_type": "10-Q",
    "revenues": 767694000,
    "op_income": 43009000,
    "net_income": 24194000,
    "eps_basic": 0.33,
    "eps_diluted": 0.33,
    "dividend": 0.023,
    "assets": 2335674000,
    "cur_assets": "",
    "cur_liab": "",
    "cash": 66912000,
    "equity": 1343362000,
    "cash_flow_op": 213310000,
    "cash_flow_inv": -34342000,
    "cash_flow_fin": -115605000
  },
  {
    "symbol": "AAC",
    "end_date": "2015-09-30",
    "amend": "False",
    "period_focus": "Q3",
    "fiscal_year": 2015,
    "doc_type": "10-Q",
    "revenues": 57372000,
    "op_income": 3623000,
    "net_income": 2452000,
    "eps_basic": 0.11,
    "eps_diluted": 0.11,
    "dividend": 0,
    "assets": 290911000,
    "cur_assets": 76724000,
    "cur_liab": 32120000,
    "cash": 10764000,
    "equity": 135640000,
    "cash_flow_op": 5824000,
    "cash_flow_inv": -127840000,
    "cash_flow_fin": 84240000
  },
  {
    "symbol": "HIVE",
    "end_date": "2015-09-30",
    "amend": "False",
    "period_focus": "Q3",
    "fiscal_year": 2015,
    "doc_type": "10-Q",
    "revenues": 42780000,
    "op_income": -11006000,
    "net_income": -11281000,
    "eps_basic": -0.24,
    "eps_diluted": -0.24,
    "dividend": 0,
    "assets": 132115000,
    "cur_assets": 121431000,
    "cur_liab": 48760000,
    "cash": 88189000,
    "equity": 34236000,
    "cash_flow_op": -7071000,
    "cash_flow_inv": -3919000,
    "cash_flow_fin": 1135000
  },
  {
    "symbol": "AMG",
    "end_date": "2015-09-30",
    "amend": "False",
    "period_focus": "Q3",
    "fiscal_year": 2015,
    "doc_type": "10-Q",
    "revenues": "",
    "op_income": 215200000,
    "net_income": 109000000,
    "eps_basic": 2.01,
    "eps_diluted": 1.98,
    "dividend": 0,
    "assets": 7535200000,
    "cur_assets": "",
    "cur_liab": "",
    "cash": 541700000,
    "equity": 3605900000,
    "cash_flow_op": 856200000,
    "cash_flow_inv": -62400000,
    "cash_flow_fin": -794900000
  },
  {
    "symbol": "APEI",
    "end_date": "2015-09-30",
    "amend": "False",
    "period_focus": "Q3",
    "fiscal_year": 2015,
    "doc_type": "10-Q",
    "revenues": 76291000,
    "op_income": 10512000,
    "net_income": 6757000,
    "eps_basic": 0.41,
    "eps_diluted": 0.41,
    "dividend": 0,
    "assets": 311489000,
    "cur_assets": 141528000,
    "cur_liab": 57419000,
    "cash": 113829000,
    "equity": 237571000,
    "cash_flow_op": 42808000,
    "cash_flow_inv": -21075000,
    "cash_flow_fin": -23538000
  },
  {
    "symbol": "ASEI",
    "end_date": "2015-09-30",
    "amend": "False",
    "period_focus": "Q2",
    "fiscal_year": 2016,
    "doc_type": "10-Q",
    "revenues": 25137000,
    "op_income": 831000,
    "net_income": 464000,
    "eps_basic": 0.06,
    "eps_diluted": 0.06,
    "dividend": 0.5,
    "assets": 180173000,
    "cur_assets": 166572000,
    "cur_liab": 34285000,
    "cash": 79293000,
    "equity": 141922000,
    "cash_flow_op": 3159000,
    "cash_flow_inv": 16207000,
    "cash_flow_fin": -8908000
  },
  {
    "symbol": "AMIC",
    "end_date": "2015-09-30",
    "amend": "False",
    "period_focus": "Q3",
    "fiscal_year": 2015,
    "doc_type": "10-Q",
    "revenues": 46731000,
    "op_income": 2686000,
    "net_income": 1641000,
    "eps_basic": 0.2,
    "eps_diluted": 0.2,
    "dividend": 0,
    "assets": 187502000,
    "cur_assets": "",
    "cur_liab": "",
    "cash": 6235000,
    "equity": 98888000,
    "cash_flow_op": 13311000,
    "cash_flow_inv": -11434000,
    "cash_flow_fin": -211000
  },
  {
    "symbol": "AMNB",
    "end_date": "2015-09-30",
    "amend": "False",
    "period_focus": "Q3",
    "fiscal_year": 2015,
    "doc_type": "10-Q",
    "revenues": 16597000,
    "op_income": "",
    "net_income": 4037000,
    "eps_basic": 0.47,
    "eps_diluted": 0.47,
    "dividend": 0,
    "assets": 1512437000,
    "cur_assets": "",
    "cur_liab": "",
    "cash": 19280000,
    "equity": 196451000,
    "cash_flow_op": 11292000,
    "cash_flow_inv": -7951000,
    "cash_flow_fin": -4727000
  },
  {
    "symbol": "ABCB",
    "end_date": "2015-09-30",
    "amend": "False",
    "period_focus": "Q3",
    "fiscal_year": 2015,
    "doc_type": "10-Q",
    "revenues": 76173000,
    "op_income": "",
    "net_income": 15627000,
    "eps_basic": 0.49,
    "eps_diluted": 0.48,
    "dividend": 0.05,
    "assets": 5216300000,
    "cur_assets": "",
    "cur_liab": "",
    "cash": 114396000,
    "equity": 502300000,
    "cash_flow_op": -17989000,
    "cash_flow_inv": 973000,
    "cash_flow_fin": 53376000
  },
  {
    "symbol": "AMRS",
    "end_date": "2015-09-30",
    "amend": "False",
    "period_focus": "Q3",
    "fiscal_year": 2015,
    "doc_type": "10-Q",
    "revenues": 8591000,
    "op_income": -31569000,
    "net_income": -76664000,
    "eps_basic": -0.55,
    "eps_diluted": -0.55,
    "dividend": 0,
    "assets": 135019000,
    "cur_assets": 34630000,
    "cur_liab": 58768000,
    "cash": 10903000,
    "equity": -141465000,
    "cash_flow_op": -52217000,
    "cash_flow_inv": -3304000,
    "cash_flow_fin": 25754000
  },
  {
    "symbol": "AFSI",
    "end_date": "2015-09-30",
    "amend": "False",
    "period_focus": "Q3",
    "fiscal_year": 2015,
    "doc_type": "10-Q",
    "revenues": 1229658000,
    "op_income": 145138000,
    "net_income": 182708000,
    "eps_basic": 2.21,
    "eps_diluted": 2.17,
    "dividend": 0.3,
    "assets": 16952439000,
    "cur_assets": "",
    "cur_liab": "",
    "cash": 910653000,
    "equity": 2799480000,
    "cash_flow_op": 543681000,
    "cash_flow_inv": -1035181000,
    "cash_flow_fin": 507624000
  },
  {
    "symbol": "AGCO",
    "end_date": "2015-09-30",
    "amend": "False",
    "period_focus": "Q3",
    "fiscal_year": 2015,
    "doc_type": "10-Q",
    "revenues": 1736400000,
    "op_income": 79100000,
    "net_income": 67100000,
    "eps_basic": 0.77,
    "eps_diluted": 0.77,
    "dividend": 0.12,
    "assets": 7071600000,
    "cur_assets": 3500500000,
    "cur_liab": 2212200000,
    "cash": 425400000,
    "equity": 2973500000,
    "cash_flow_op": 72200000,
    "cash_flow_inv": -176900000,
    "cash_flow_fin": 236200000
  },
  {
    "symbol": "GAS",
    "end_date": "2015-09-30",
    "amend": "False",
    "period_focus": "Q3",
    "fiscal_year": 2015,
    "doc_type": "10-Q",
    "revenues": 584000000,
    "op_income": 59000000,
    "net_income": 11000000,
    "eps_basic": 0.09,
    "eps_diluted": 0.09,
    "dividend": 0.51,
    "assets": 14206000000,
    "cur_assets": 1776000000,
    "cur_liab": 2802000000,
    "cash": 19000000,
    "equity": 3910000000,
    "cash_flow_op": 1410000000,
    "cash_flow_inv": -741000000,
    "cash_flow_fin": -681000000
  },
  {
    "symbol": "ALR",
    "end_date": "2015-09-30",
    "amend": "False",
    "period_focus": "Q3",
    "fiscal_year": 2015,
    "doc_type": "10-Q",
    "revenues": 598745000,
    "op_income": 29165000,
    "net_income": 195000,
    "eps_basic": 0,
    "eps_diluted": 0,
    "dividend": 0,
    "assets": 6574165000,
    "cur_assets": 1886710000,
    "cur_liab": 1126015000,
    "cash": 479381000,
    "equity": 2101968000,
    "cash_flow_op": 137250000,
    "cash_flow_inv": 36332000,
    "cash_flow_fin": -87288000
  },
  {
    "symbol": "ANTH",
    "end_date": "2015-09-30",
    "amend": "False",
    "period_focus": "Q3",
    "fiscal_year": 2015,
    "doc_type": "10-Q",
    "revenues": 733000,
    "op_income": -11350000,
    "net_income": -11326000,
    "eps_basic": -0.29,
    "eps_diluted": -0.29,
    "dividend": 0,
    "assets": 57454000,
    "cur_assets": 57119000,
    "cur_liab": 12144000,
    "cash": 55762000,
    "equity": 45310000,
    "cash_flow_op": -21454000,
    "cash_flow_inv": -80000,
    "cash_flow_fin": 74657000
  },
  {
    "symbol": "APPF",
    "end_date": "2015-09-30",
    "amend": "False",
    "period_focus": "Q3",
    "fiscal_year": 2015,
    "doc_type": "10-Q",
    "revenues": 20305000,
    "op_income": -4310000,
    "net_income": -4760000,
    "eps_basic": -0.14,
    "eps_diluted": -0.14,
    "dividend": 0,
    "assets": 94191000,
    "cur_assets": 44718000,
    "cur_liab": 17239000,
    "cash": 11758000,
    "equity": 76326000,
    "cash_flow_op": -3774000,
    "cash_flow_inv": -63138000,
    "cash_flow_fin": 73258000
  },
  {
    "symbol": "AAOI",
    "end_date": "2015-09-30",
    "amend": "False",
    "period_focus": "Q3",
    "fiscal_year": 2015,
    "doc_type": "10-Q",
    "revenues": 57085000,
    "op_income": 6122000,
    "net_income": 2700000,
    "eps_basic": 0.17,
    "eps_diluted": 0.16,
    "dividend": 0,
    "assets": 256949000,
    "cur_assets": 160194000,
    "cur_liab": 65361000,
    "cash": 37592000,
    "equity": 162902000,
    "cash_flow_op": -19931000,
    "cash_flow_inv": -35657000,
    "cash_flow_fin": 59047000
  },
  {
    "symbol": "AQXP",
    "end_date": "2015-09-30",
    "amend": "False",
    "period_focus": "Q3",
    "fiscal_year": 2015,
    "doc_type": "10-Q",
    "revenues": "",
    "op_income": "",
    "net_income": -5035000,
    "eps_basic": -0.43,
    "eps_diluted": -0.43,
    "dividend": 0,
    "assets": 118028000,
    "cur_assets": 117935000,
    "cur_liab": 3859000,
    "cash": 109373000,
    "equity": 114027000,
    "cash_flow_op": -16776000,
    "cash_flow_inv": 18147000,
    "cash_flow_fin": 93096000
  },
  {
    "symbol": "ARCT",
    "end_date": "2015-09-30",
    "amend": "False",
    "period_focus": "Q3",
    "fiscal_year": 2015,
    "doc_type": "10-Q",
    "revenues": 2496,
    "op_income": "",
    "net_income": -243545,
    "eps_basic": -0.03,
    "eps_diluted": -0.03,
    "dividend": 0,
    "assets": 240855791,
    "cur_assets": 846481,
    "cur_liab": 220802,
    "cash": 830164,
    "equity": 5000010,
    "cash_flow_op": -726350,
    "cash_flow_inv": 0,
    "cash_flow_fin": -13700
  },
  {
    "symbol": "ACGL",
    "end_date": "2015-09-30",
    "amend": "False",
    "period_focus": "Q3",
    "fiscal_year": 2015,
    "doc_type": "10-Q",
    "revenues": 932590000,
    "op_income": "",
    "net_income": 74549000,
    "eps_basic": 0.62,
    "eps_diluted": 0.6,
    "dividend": 0,
    "assets": 23770592000,
    "cur_assets": "",
    "cur_liab": "",
    "cash": 649779000,
    "equity": 6936977000,
    "cash_flow_op": 807579000,
    "cash_flow_inv": -500750000,
    "cash_flow_fin": -134094000
  },
  {
    "symbol": "ARNA",
    "end_date": "2015-09-30",
    "amend": "False",
    "period_focus": "Q3",
    "fiscal_year": 2015,
    "doc_type": "10-Q",
    "revenues": 9138000,
    "op_income": -25181000,
    "net_income": -26418000,
    "eps_basic": -0.11,
    "eps_diluted": -0.11,
    "dividend": 0,
    "assets": 286127000,
    "cur_assets": 200216000,
    "cur_liab": 47578000,
    "cash": 181280000,
    "equity": 82201000,
    "cash_flow_op": -73239000,
    "cash_flow_inv": -8623000,
    "cash_flow_fin": 101105000
  },
  {
    "symbol": "AAMC",
    "end_date": "2015-09-30",
    "amend": "False",
    "period_focus": "Q3",
    "fiscal_year": 2015,
    "doc_type": "10-Q",
    "revenues": 58523000,
    "op_income": "",
    "net_income": -5363000,
    "eps_basic": -0.09,
    "eps_diluted": -0.09,
    "dividend": 0.55,
    "assets": 2740546000,
    "cur_assets": "",
    "cur_liab": "",
    "cash": 83881000,
    "equity": 1229022000,
    "cash_flow_op": -163107000,
    "cash_flow_inv": 188756000,
    "cash_flow_fin": -7934000
  },
  {
    "symbol": "AMBR",
    "end_date": "2015-09-30",
    "amend": "False",
    "period_focus": "Q3",
    "fiscal_year": 2015,
    "doc_type": "10-Q",
    "revenues": 17336187,
    "op_income": -6031396,
    "net_income": -6262993,
    "eps_basic": -0.24,
    "eps_diluted": -0.24,
    "dividend": 0,
    "assets": 113799864,
    "cur_assets": 42030388,
    "cur_liab": 36212397,
    "cash": 21617934,
    "equity": 50303420,
    "cash_flow_op": -10753193,
    "cash_flow_inv": -28373793,
    "cash_flow_fin": 19744444
  },
  {
    "symbol": "AEL",
    "end_date": "2015-09-30",
    "amend": "False",
    "period_focus": "Q3",
    "fiscal_year": 2015,
    "doc_type": "10-Q",
    "revenues": 126965000,
    "op_income": "",
    "net_income": 97306000,
    "eps_basic": 1.22,
    "eps_diluted": 1.19,
    "dividend": 0,
    "assets": 47128421000,
    "cur_assets": "",
    "cur_liab": "",
    "cash": 523614000,
    "equity": 2149909000,
    "cash_flow_op": 71095000,
    "cash_flow_inv": -3627109000,
    "cash_flow_fin": 3378114000
  },
  {
    "symbol": "AMID",
    "end_date": "2015-09-30",
    "amend": "False",
    "period_focus": "Q3",
    "fiscal_year": 2015,
    "doc_type": "10-Q",
    "revenues": 54825000,
    "op_income": -1523000,
    "net_income": -4661000,
    "eps_basic": -0.48,
    "eps_diluted": "",
    "dividend": 0,
    "assets": 1005486000,
    "cur_assets": 32670000,
    "cur_liab": 28999000,
    "cash": 0,
    "equity": "",
    "cash_flow_op": 31631000,
    "cash_flow_inv": -152312000,
    "cash_flow_fin": 120182000
  },
  {
    "symbol": "ARTX",
    "end_date": "2015-09-30",
    "amend": "False",
    "period_focus": "Q3",
    "fiscal_year": 2015,
    "doc_type": "10-Q",
    "revenues": 23289448,
    "op_income": 94409,
    "net_income": -617971,
    "eps_basic": -0.03,
    "eps_diluted": -0.03,
    "dividend": 0,
    "assets": 116494740,
    "cur_assets": 49634933,
    "cur_liab": 25247621,
    "cash": 11025351,
    "equity": 63381142,
    "cash_flow_op": -1588027,
    "cash_flow_inv": -807964,
    "cash_flow_fin": 2184608
  },
  {
    "symbol": "ASCMA",
    "end_date": "2015-09-30",
    "amend": "False",
    "period_focus": "Q3",
    "fiscal_year": 2015,
    "doc_type": "10-Q",
    "revenues": 141846000,
    "op_income": 8907000,
    "net_income": -24330000,
    "eps_basic": -2.1,
    "eps_diluted": -2.1,
    "dividend": 0,
    "assets": 2242037000,
    "cur_assets": 166461000,
    "cur_liab": 99847000,
    "cash": 34045000,
    "equity": 350745000,
    "cash_flow_op": 173950000,
    "cash_flow_inv": -227570000,
    "cash_flow_fin": 75053000
  },
  {
    "symbol": "ATRO",
    "end_date": "2015-10-03",
    "amend": "False",
    "period_focus": "Q3",
    "fiscal_year": 2015,
    "doc_type": "10-Q",
    "revenues": 200145000,
    "op_income": 37130000,
    "net_income": 24694000,
    "eps_basic": 0.97,
    "eps_diluted": 0.94,
    "dividend": 0,
    "assets": 648393000,
    "cur_assets": 286408000,
    "cur_liab": 113149000,
    "cash": 22433000,
    "equity": 283986000,
    "cash_flow_op": 43174000,
    "cash_flow_inv": -71140000,
    "cash_flow_fin": 29917000
  },
  {
    "symbol": "ASMB",
    "end_date": "2015-09-30",
    "amend": "False",
    "period_focus": "Q3",
    "fiscal_year": 2015,
    "doc_type": "10-Q",
    "revenues": "",
    "op_income": -7122226,
    "net_income": -6617933,
    "eps_basic": -0.38,
    "eps_diluted": -0.38,
    "dividend": 0,
    "assets": 139654016,
    "cur_assets": 66503164,
    "cur_liab": 2651569,
    "cash": 36401487,
    "equity": 125402447,
    "cash_flow_op": -13242134,
    "cash_flow_inv": -61016749,
    "cash_flow_fin": 81569257
  },
  {
    "symbol": "AAME",
    "end_date": "2015-09-30",
    "amend": "False",
    "period_focus": "Q3",
    "fiscal_year": 2015,
    "doc_type": "10-Q",
    "revenues": 40359000,
    "op_income": "",
    "net_income": 138000,
    "eps_basic": 0.01,
    "eps_diluted": 0.01,
    "dividend": 0,
    "assets": 317203000,
    "cur_assets": "",
    "cur_liab": "",
    "cash": 14637000,
    "equity": 103212000,
    "cash_flow_op": -1367000,
    "cash_flow_inv": 364000,
    "cash_flow_fin": -735000
  },
  {
    "symbol": "AMTG",
    "end_date": "2015-09-30",
    "amend": "False",
    "period_focus": "Q3",
    "fiscal_year": 2015,
    "doc_type": "10-Q",
    "revenues": -48211000,
    "op_income": "",
    "net_income": -25227000,
    "eps_basic": -0.79,
    "eps_diluted": -0.79,
    "dividend": 0.48,
    "assets": 3843504000,
    "cur_assets": "",
    "cur_liab": "",
    "cash": 101852000,
    "equity": 714687000,
    "cash_flow_op": 34807000,
    "cash_flow_inv": 395752000,
    "cash_flow_fin": -443150000
  },
  {
    "symbol": "APO",
    "end_date": "2015-09-30",
    "amend": "False",
    "period_focus": "Q3",
    "fiscal_year": 2015,
    "doc_type": "10-Q",
    "revenues": 193268000,
    "op_income": "",
    "net_income": -38874000,
    "eps_basic": 0.2,
    "eps_diluted": 0.2,
    "dividend": 0.42,
    "assets": 4818050000,
    "cur_assets": "",
    "cur_liab": "",
    "cash": 836308000,
    "equity": 1519423000,
    "cash_flow_op": 565760000,
    "cash_flow_inv": -150415000,
    "cash_flow_fin": -781240000
  },
  {
    "symbol": "ATNI",
    "end_date": "2015-09-30",
    "amend": "False",
    "period_focus": "Q3",
    "fiscal_year": 2015,
    "doc_type": "10-Q",
    "revenues": 96782000,
    "op_income": 22524000,
    "net_income": 6576000,
    "eps_basic": 0.41,
    "eps_diluted": 0.41,
    "dividend": 0.32,
    "assets": 946458000,
    "cur_assets": 478596000,
    "cur_liab": 88587000,
    "cash": 397797000,
    "equity": 763298000,
    "cash_flow_op": 113111000,
    "cash_flow_inv": -12758000,
    "cash_flow_fin": -28772000
  },
  {
    "symbol": "AFH",
    "end_date": "2015-09-30",
    "amend": "False",
    "period_focus": "Q3",
    "fiscal_year": 2015,
    "doc_type": "10-Q",
    "revenues": 43119000,
    "op_income": "",
    "net_income": 3943000,
    "eps_basic": 0.33,
    "eps_diluted": 0.32,
    "dividend": 0,
    "assets": 404614000,
    "cur_assets": "",
    "cur_liab": "",
    "cash": 21043000,
    "equity": 128185000,
    "cash_flow_op": 5306000,
    "cash_flow_inv": -40571000,
    "cash_flow_fin": 19722000
  },
  {
    "symbol": "AVEO",
    "end_date": "2015-09-30",
    "amend": "False",
    "period_focus": "Q3",
    "fiscal_year": 2015,
    "doc_type": "10-Q",
    "revenues": 15158000,
    "op_income": 8467000,
    "net_income": 7914000,
    "eps_basic": 0.14,
    "eps_diluted": 0.14,
    "dividend": 0,
    "assets": 44016000,
    "cur_assets": 43800000,
    "cur_liab": 10417000,
    "cash": 34739000,
    "equity": 23878000,
    "cash_flow_op": -18241000,
    "cash_flow_inv": -1304000,
    "cash_flow_fin": 1978000
  },
  {
    "symbol": "AAVL",
    "end_date": "2015-09-30",
    "amend": "False",
    "period_focus": "Q3",
    "fiscal_year": 2015,
    "doc_type": "10-Q",
    "revenues": 4537000,
    "op_income": -14201000,
    "net_income": -14084000,
    "eps_basic": -0.55,
    "eps_diluted": -0.55,
    "dividend": 0,
    "assets": 273829000,
    "cur_assets": 270361000,
    "cur_liab": 6496000,
    "cash": 200676000,
    "equity": 262330000,
    "cash_flow_op": -26212000,
    "cash_flow_inv": -71631000,
    "cash_flow_fin": 139135000
  },
  {
    "symbol": "ACI",
    "end_date": "2015-09-30",
    "amend": "False",
    "period_focus": "Q3",
    "fiscal_year": 2015,
    "doc_type": "10-Q",
    "revenues": 688544000,
    "op_income": -2236772000,
    "net_income": -1999476000,
    "eps_basic": -93.91,
    "eps_diluted": -93.91,
    "dividend": 0,
    "assets": 5847997000,
    "cur_assets": 1319319000,
    "cur_liab": 495213000,
    "cash": 494788000,
    "equity": -605440000,
    "cash_flow_op": -79682000,
    "cash_flow_inv": -76714000,
    "cash_flow_fin": -83047000
  },
  {
    "symbol": "ARES",
    "end_date": "2015-09-30",
    "amend": "False",
    "period_focus": "Q3",
    "fiscal_year": 2015,
    "doc_type": "10-Q",
    "revenues": 143854000,
    "op_income": "",
    "net_income": -11511000,
    "eps_basic": -0.14,
    "eps_diluted": -0.14,
    "dividend": 0.26,
    "assets": 4755970000,
    "cur_assets": "",
    "cur_liab": "",
    "cash": 387678000,
    "equity": 994871000,
    "cash_flow_op": -521586000,
    "cash_flow_inv": -73025000,
    "cash_flow_fin": 836040000
  },
  {
    "symbol": "AHP",
    "end_date": "2015-09-30",
    "amend": "False",
    "period_focus": "Q3",
    "fiscal_year": 2015,
    "doc_type": "10-Q",
    "revenues": 90759000,
    "op_income": 13256000,
    "net_income": -7735000,
    "eps_basic": -0.29,
    "eps_diluted": -0.29,
    "dividend": 0.1,
    "assets": 1278092000,
    "cur_assets": "",
    "cur_liab": "",
    "cash": 85708000,
    "equity": 346496000,
    "cash_flow_op": -7166000,
    "cash_flow_inv": -112772000,
    "cash_flow_fin": 34207000
  },
  {
    "symbol": "AHT",
    "end_date": "2015-09-30",
    "amend": "False",
    "period_focus": "Q3",
    "fiscal_year": 2015,
    "doc_type": "10-Q",
    "revenues": 364516000,
    "op_income": 40882000,
    "net_income": -24811000,
    "eps_basic": -0.26,
    "eps_diluted": -0.26,
    "dividend": 0.12,
    "assets": 4883600000,
    "cur_assets": "",
    "cur_liab": "",
    "cash": 185981000,
    "equity": 863335000,
    "cash_flow_op": 133272000,
    "cash_flow_inv": -737370000,
    "cash_flow_fin": 575016000
  },
  {
    "symbol": "ATLS",
    "end_date": "2015-09-30",
    "amend": "False",
    "period_focus": "Q3",
    "fiscal_year": 2015,
    "doc_type": "10-Q",
    "revenues": 262834000,
    "op_income": -548935000,
    "net_income": -143353000,
    "eps_basic": -5.51,
    "eps_diluted": -5.51,
    "dividend": 0,
    "assets": 2305861000,
    "cur_assets": 342753000,
    "cur_liab": 250121000,
    "cash": 54950000,
    "equity": 345011000,
    "cash_flow_op": -73108000,
    "cash_flow_inv": -173187000,
    "cash_flow_fin": 242887000
  },
  {
    "symbol": "ARP",
    "end_date": "2015-09-30",
    "amend": "False",
    "period_focus": "Q3",
    "fiscal_year": 2015,
    "doc_type": "10-Q",
    "revenues": 257895000,
    "op_income": -535300000,
    "net_income": -553844000,
    "eps_basic": "",
    "eps_diluted": "",
    "dividend": 0,
    "assets": 2096758000,
    "cur_assets": 288081000,
    "cur_liab": 229745000,
    "cash": 2418000,
    "equity": "",
    "cash_flow_op": 101308000,
    "cash_flow_inv": -138863000,
    "cash_flow_fin": 24726000
  },
  {
    "symbol": "BHACU",
    "end_date": "2015-09-30",
    "amend": "False",
    "period_focus": "Q3",
    "fiscal_year": 2015,
    "doc_type": "10-Q",
    "revenues": "",
    "op_income": -225777,
    "net_income": -224677,
    "eps_basic": -0.12,
    "eps_diluted": -0.12,
    "dividend": 0,
    "assets": 44067743,
    "cur_assets": 422689,
    "cur_liab": "",
    "cash": 343000,
    "equity": 5000001,
    "cash_flow_op": -225236,
    "cash_flow_inv": -43642769,
    "cash_flow_fin": 44147068
  },
  {
    "symbol": "BWFG",
    "end_date": "2015-09-30",
    "amend": "False",
    "period_focus": "Q3",
    "fiscal_year": 2015,
    "doc_type": "10-Q",
    "revenues": 14397000,
    "op_income": "",
    "net_income": 2226000,
    "eps_basic": 0.31,
    "eps_diluted": 0.31,
    "dividend": 0,
    "assets": 1313345000,
    "cur_assets": "",
    "cur_liab": "",
    "cash": 86830000,
    "equity": 135788000,
    "cash_flow_op": 10139000,
    "cash_flow_inv": -178437000,
    "cash_flow_fin": 206569000
  },
  {
    "symbol": "BBCN",
    "end_date": "2015-09-30",
    "amend": "False",
    "period_focus": "Q3",
    "fiscal_year": 2015,
    "doc_type": "10-Q",
    "revenues": 92286000,
    "op_income": "",
    "net_income": 25092000,
    "eps_basic": 0.32,
    "eps_diluted": 0.32,
    "dividend": 0,
    "assets": 7583002000,
    "cur_assets": "",
    "cur_liab": "",
    "cash": 81026000,
    "equity": 929569000,
    "cash_flow_op": 80497000,
    "cash_flow_inv": -624068000,
    "cash_flow_fin": 359786000
  },
  {
    "symbol": "BLCM",
    "end_date": "2015-09-30",
    "amend": "False",
    "period_focus": "Q3",
    "fiscal_year": 2015,
    "doc_type": "10-Q",
    "revenues": 57000,
    "op_income": -13617000,
    "net_income": -13408000,
    "eps_basic": -0.51,
    "eps_diluted": -0.51,
    "dividend": 0,
    "assets": 172108000,
    "cur_assets": 115321000,
    "cur_liab": 5019000,
    "cash": 92487000,
    "equity": 166105000,
    "cash_flow_op": -23590000,
    "cash_flow_inv": -75954000,
    "cash_flow_fin": 429000
  },
  {
    "symbol": "AZUR",
    "end_date": "2015-09-30",
    "amend": "False",
    "period_focus": "Q3",
    "fiscal_year": 2015,
    "doc_type": "10-Q",
    "revenues": 21198000,
    "op_income": -214197000,
    "net_income": -216434000,
    "eps_basic": -9.64,
    "eps_diluted": -9.64,
    "dividend": 0,
    "assets": 572323000,
    "cur_assets": 18991000,
    "cur_liab": 9099000,
    "cash": 8385000,
    "equity": "",
    "cash_flow_op": 7999000,
    "cash_flow_inv": 39540000,
    "cash_flow_fin": -39154000
  },
  {
    "symbol": "BGCP",
    "end_date": "2015-09-30",
    "amend": "False",
    "period_focus": "Q3",
    "fiscal_year": 2015,
    "doc_type": "10-Q",
    "revenues": 685295000,
    "op_income": "",
    "net_income": 38371000,
    "eps_basic": 0.15,
    "eps_diluted": 0.15,
    "dividend": 0.14,
    "assets": 4117846000,
    "cur_assets": "",
    "cur_liab": "",
    "cash": 424390000,
    "equity": 974794000,
    "cash_flow_op": 126560000,
    "cash_flow_inv": -215514000,
    "cash_flow_fin": -149646000
  },
  {
    "symbol": "BDSI",
    "end_date": "2015-09-30",
    "amend": "False",
    "period_focus": "Q3",
    "fiscal_year": 2015,
    "doc_type": "10-Q",
    "revenues": 1235000,
    "op_income": -19652000,
    "net_income": -20439000,
    "eps_basic": -0.39,
    "eps_diluted": -0.39,
    "dividend": 0,
    "assets": 72415000,
    "cur_assets": 61331000,
    "cur_liab": 26209000,
    "cash": 54429000,
    "equity": 19702000,
    "cash_flow_op": -32717000,
    "cash_flow_inv": -619000,
    "cash_flow_fin": 17293000
  },
  {
    "symbol": "BIOC",
    "end_date": "2015-09-30",
    "amend": "False",
    "period_focus": "Q3",
    "fiscal_year": 2015,
    "doc_type": "10-Q",
    "revenues": 164856,
    "op_income": -4358844,
    "net_income": -4496193,
    "eps_basic": -0.24,
    "eps_diluted": -0.24,
    "dividend": 0,
    "assets": 14196386,
    "cur_assets": 13341178,
    "cur_liab": 3390747,
    "cash": 12541919,
    "equity": 6928277,
    "cash_flow_op": -10896102,
    "cash_flow_inv": -118896,
    "cash_flow_fin": 18192335
  },
  {
    "symbol": "BPTH",
    "end_date": "2015-09-30",
    "amend": "False",
    "period_focus": "Q3",
    "fiscal_year": 2015,
    "doc_type": "10-Q",
    "revenues": 0,
    "op_income": -1512390,
    "net_income": -1507601,
    "eps_basic": -0.02,
    "eps_diluted": -0.02,
    "dividend": 0,
    "assets": 11672665,
    "cur_assets": 10459967,
    "cur_liab": 481229,
    "cash": 9854816,
    "equity": 11191436,
    "cash_flow_op": -4003982,
    "cash_flow_inv": 0,
    "cash_flow_fin": 0
  },
  {
    "symbol": "BSTC",
    "end_date": "2015-09-30",
    "amend": "False",
    "period_focus": "Q3",
    "fiscal_year": 2015,
    "doc_type": "10-Q",
    "revenues": 6289839,
    "op_income": 4321958,
    "net_income": 2870979,
    "eps_basic": 0.42,
    "eps_diluted": 0.39,
    "dividend": 0,
    "assets": 42949148,
    "cur_assets": 37530834,
    "cur_liab": 778584,
    "cash": 7488076,
    "equity": 42108841,
    "cash_flow_op": 6235452,
    "cash_flow_inv": -13378790,
    "cash_flow_fin": 4820598
  },
  {
    "symbol": "TECH",
    "end_date": "2015-09-30",
    "amend": "False",
    "period_focus": "Q1",
    "fiscal_year": 2016,
    "doc_type": "10-Q",
    "revenues": 112381000,
    "op_income": 31028000,
    "net_income": 22707000,
    "eps_basic": 0.61,
    "eps_diluted": 0.61,
    "dividend": 0.32,
    "assets": 1128320000,
    "cur_assets": 240997000,
    "cur_liab": 45040000,
    "cash": 48842000,
    "equity": 837947000,
    "cash_flow_op": 31833000,
    "cash_flow_inv": -85161000,
    "cash_flow_fin": 41865000
  },
  {
    "symbol": "BEAT",
    "end_date": "2015-09-30",
    "amend": "False",
    "period_focus": "Q3",
    "fiscal_year": 2015,
    "doc_type": "10-Q",
    "revenues": 43492000,
    "op_income": 3006000,
    "net_income": 2478000,
    "eps_basic": 0.09,
    "eps_diluted": 0.08,
    "dividend": 0,
    "assets": 122378000,
    "cur_assets": 45224000,
    "cur_liab": 25899000,
    "cash": 15491000,
    "equity": 71452000,
    "cash_flow_op": 7153000,
    "cash_flow_inv": -10310000,
    "cash_flow_fin": -1359000
  },
  {
    "symbol": "BDE",
    "end_date": "2015-09-30",
    "amend": "False",
    "period_focus": "Q3",
    "fiscal_year": 2015,
    "doc_type": "10-Q",
    "revenues": 39256000,
    "op_income": -835000,
    "net_income": -48119000,
    "eps_basic": -1.47,
    "eps_diluted": -1.47,
    "dividend": 0,
    "assets": 264056000,
    "cur_assets": 186752000,
    "cur_liab": 38387000,
    "cash": 26273000,
    "equity": 197553000,
    "cash_flow_op": -4895000,
    "cash_flow_inv": -2038000,
    "cash_flow_fin": 2563000
  },
  {
    "symbol": "BBLU",
    "end_date": "2015-09-30",
    "amend": "False",
    "period_focus": "Q3",
    "fiscal_year": 2015,
    "doc_type": "10-Q",
    "revenues": 3285997,
    "op_income": -5225545,
    "net_income": -7242355,
    "eps_basic": -0.07,
    "eps_diluted": -0.07,
    "dividend": 0,
    "assets": 100419505,
    "cur_assets": 6609167,
    "cur_liab": 21431698,
    "cash": 616790,
    "equity": 78987807,
    "cash_flow_op": -6485487,
    "cash_flow_inv": -11140744,
    "cash_flow_fin": 14196683
  },
  {
    "symbol": "NILE",
    "end_date": "2015-10-04",
    "amend": "False",
    "period_focus": "Q3",
    "fiscal_year": 2015,
    "doc_type": "10-Q",
    "revenues": 109943000,
    "op_income": 3039000,
    "net_income": 1977000,
    "eps_basic": 0.17,
    "eps_diluted": 0.17,
    "dividend": 0,
    "assets": 101632000,
    "cur_assets": 84423000,
    "cur_liab": 85468000,
    "cash": 33609000,
    "equity": 11587000,
    "cash_flow_op": -45006000,
    "cash_flow_inv": -1540000,
    "cash_flow_fin": -10958000
  },
  {
    "symbol": "BPMC",
    "end_date": "2015-09-30",
    "amend": "False",
    "period_focus": "Q3",
    "fiscal_year": 2015,
    "doc_type": "10-Q",
    "revenues": 3426000,
    "op_income": "",
    "net_income": -12642000,
    "eps_basic": -0.47,
    "eps_diluted": -0.47,
    "dividend": 0,
    "assets": 195288000,
    "cur_assets": 188587000,
    "cur_liab": 19291000,
    "cash": 179780000,
    "equity": 158142000,
    "cash_flow_op": -18630000,
    "cash_flow_inv": -2395000,
    "cash_flow_fin": 153565000
  },
  {
    "symbol": "BNCN",
    "end_date": "2015-09-30",
    "amend": "False",
    "period_focus": "Q3",
    "fiscal_year": 2015,
    "doc_type": "10-Q",
    "revenues": 62482000,
    "op_income": "",
    "net_income": 11939000,
    "eps_basic": 0.31,
    "eps_diluted": 0.31,
    "dividend": 0.05,
    "assets": 5201118000,
    "cur_assets": "",
    "cur_liab": "",
    "cash": 50883000,
    "equity": 522497000,
    "cash_flow_op": 47728000,
    "cash_flow_inv": -251646000,
    "cash_flow_fin": 189231000
  },
  {
    "symbol": "BAX",
    "end_date": "2015-09-30",
    "amend": "False",
    "period_focus": "Q3",
    "fiscal_year": 2015,
    "doc_type": "10-Q",
    "revenues": 2487000000,
    "op_income": 92000000,
    "net_income": 1000000,
    "eps_basic": 0,
    "eps_diluted": 0,
    "dividend": 0.115,
    "assets": 20172000000,
    "cur_assets": 11138000000,
    "cur_liab": 5981000000,
    "cash": 1970000000,
    "equity": 7845000000,
    "cash_flow_op": 923000000,
    "cash_flow_inv": -1575000000,
    "cash_flow_fin": -129000000
  },
  {
    "symbol": "BZH",
    "end_date": "2015-09-30",
    "amend": "False",
    "period_focus": "FY",
    "fiscal_year": 2015,
    "doc_type": "10-K",
    "revenues": 1627413000,
    "op_income": 51587000,
    "net_income": 344094000,
    "eps_basic": 12.45,
    "eps_diluted": 10.83,
    "dividend": 0,
    "assets": 2421203000,
    "cur_assets": "",
    "cur_liab": "",
    "cash": 251583000,
    "equity": 630423000,
    "cash_flow_op": -81049000,
    "cash_flow_inv": 27377000,
    "cash_flow_fin": -18899000
  },
  {
    "symbol": "BGCP",
    "end_date": "2015-09-30",
    "amend": "False",
    "period_focus": "Q3",
    "fiscal_year": 2015,
    "doc_type": "10-Q",
    "revenues": 685295000,
    "op_income": "",
    "net_income": 38371000,
    "eps_basic": 0.15,
    "eps_diluted": 0.15,
    "dividend": 0.14,
    "assets": 4117846000,
    "cur_assets": "",
    "cur_liab": "",
    "cash": 424390000,
    "equity": 974794000,
    "cash_flow_op": 126560000,
    "cash_flow_inv": -215514000,
    "cash_flow_fin": -149646000
  },
  {
    "symbol": "BHLB",
    "end_date": "2015-09-30",
    "amend": "False",
    "period_focus": "Q3",
    "fiscal_year": 2015,
    "doc_type": "10-Q",
    "revenues": 69669000,
    "op_income": "",
    "net_income": 14701000,
    "eps_basic": 0.49,
    "eps_diluted": 0.49,
    "dividend": 0,
    "assets": 7804488000,
    "cur_assets": "",
    "cur_liab": "",
    "cash": 50716000,
    "equity": 881568000,
    "cash_flow_op": 50839000,
    "cash_flow_inv": -389643000,
    "cash_flow_fin": 360621000
  },
  {
    "symbol": "BIOA",
    "end_date": "2015-09-30",
    "amend": "False",
    "period_focus": "Q3",
    "fiscal_year": 2015,
    "doc_type": "10-Q",
    "revenues": 351695,
    "op_income": -9889141,
    "net_income": -7050906,
    "eps_basic": 0.27,
    "eps_diluted": 0.27,
    "dividend": 0,
    "assets": 173201932,
    "cur_assets": 38038275,
    "cur_liab": 35382694,
    "cash": 34205612,
    "equity": 55029823,
    "cash_flow_op": -22490570,
    "cash_flow_inv": -62877644,
    "cash_flow_fin": 70457090
  },
  {
    "symbol": "BSM",
    "end_date": "2015-09-30",
    "amend": "False",
    "period_focus": "Q3",
    "fiscal_year": 2015,
    "doc_type": "10-Q",
    "revenues": 137020000,
    "op_income": 54699000,
    "net_income": 50916000,
    "eps_basic": 0.54,
    "eps_diluted": 0.54,
    "dividend": 0,
    "assets": 1161446000,
    "cur_assets": 93657000,
    "cur_liab": 46335000,
    "cash": 5570000,
    "equity": "",
    "cash_flow_op": 217165000,
    "cash_flow_inv": -104222000,
    "cash_flow_fin": -122176000
  },
  {
    "symbol": "WIFI",
    "end_date": "2015-09-30",
    "amend": "False",
    "period_focus": "Q3",
    "fiscal_year": 2015,
    "doc_type": "10-Q",
    "revenues": 37186000,
    "op_income": -4759000,
    "net_income": -4819000,
    "eps_basic": -0.13,
    "eps_diluted": -0.13,
    "dividend": 0,
    "assets": 321019000,
    "cur_assets": 63867000,
    "cur_liab": 112584000,
    "cash": 8556000,
    "equity": 112591000,
    "cash_flow_op": 49850000,
    "cash_flow_inv": -61815000,
    "cash_flow_fin": 11731000
  },
  {
    "symbol": "BPFH",
    "end_date": "2015-09-30",
    "amend": "False",
    "period_focus": "Q3",
    "fiscal_year": 2015,
    "doc_type": "10-Q",
    "revenues": 85919000,
    "op_income": "",
    "net_income": 13530000,
    "eps_basic": 0.17,
    "eps_diluted": 0.16,
    "dividend": 0.09,
    "assets": 7180528000,
    "cur_assets": "",
    "cur_liab": "",
    "cash": 43640000,
    "equity": 740757000,
    "cash_flow_op": 67111000,
    "cash_flow_inv": -518185000,
    "cash_flow_fin": 322105000
  },
  {
    "symbol": "BDGE",
    "end_date": "2015-09-30",
    "amend": "False",
    "period_focus": "Q3",
    "fiscal_year": 2015,
    "doc_type": "10-Q",
    "revenues": 35670000,
    "op_income": "",
    "net_income": 7741000,
    "eps_basic": 0.45,
    "eps_diluted": 0.45,
    "dividend": 0,
    "assets": 3507313000,
    "cur_assets": "",
    "cur_liab": "",
    "cash": 60916000,
    "equity": 340442000,
    "cash_flow_op": 16010000,
    "cash_flow_inv": -170508000,
    "cash_flow_fin": 208646000
  },
  {
    "symbol": "CHRW",
    "end_date": "2015-09-30",
    "amend": "False",
    "period_focus": "Q3",
    "fiscal_year": 2015,
    "doc_type": "10-Q",
    "revenues": 3419253000,
    "op_income": 232711000,
    "net_income": 139432000,
    "eps_basic": 0.96,
    "eps_diluted": 0.96,
    "dividend": 0,
    "assets": 3312565000,
    "cur_assets": 1856211000,
    "cur_liab": 1581259000,
    "cash": 143087000,
    "equity": 1131363000,
    "cash_flow_op": 464443000,
    "cash_flow_inv": -39996000,
    "cash_flow_fin": -398209000
  },
  {
    "symbol": "BRKL",
    "end_date": "2015-09-30",
    "amend": "False",
    "period_focus": "Q3",
    "fiscal_year": 2015,
    "doc_type": "10-Q",
    "revenues": 61471000,
    "op_income": "",
    "net_income": 12888000,
    "eps_basic": 0.18,
    "eps_diluted": 0.18,
    "dividend": 0.09,
    "assets": 5839529000,
    "cur_assets": "",
    "cur_liab": "",
    "cash": 27299000,
    "equity": 668740000,
    "cash_flow_op": 30790000,
    "cash_flow_inv": -48342000,
    "cash_flow_fin": 1873000
  },
  {
    "symbol": "BLDR",
    "end_date": "2015-09-30",
    "amend": "False",
    "period_focus": "Q3",
    "fiscal_year": 2015,
    "doc_type": "10-Q",
    "revenues": 1276063000,
    "op_income": 38241000,
    "net_income": -8757000,
    "eps_basic": -0.08,
    "eps_diluted": -0.08,
    "dividend": 0,
    "assets": 3037834000,
    "cur_assets": 1340533000,
    "cur_liab": 823807000,
    "cash": 101185000,
    "equity": 155518000,
    "cash_flow_op": 118769000,
    "cash_flow_inv": -1491021000,
    "cash_flow_fin": 1455664000
  },
  {
    "symbol": "CACQ",
    "end_date": "2015-09-30",
    "amend": "False",
    "period_focus": "Q3",
    "fiscal_year": 2015,
    "doc_type": "10-Q",
    "revenues": 0,
    "op_income": -9200000,
    "net_income": 7000000,
    "eps_basic": 0.05,
    "eps_diluted": 0.05,
    "dividend": 0,
    "assets": 1111100000,
    "cur_assets": 35000000,
    "cur_liab": 300000,
    "cash": 17800000,
    "equity": 1053800000,
    "cash_flow_op": 9000000,
    "cash_flow_inv": 0,
    "cash_flow_fin": 0
  },
  {
    "symbol": "CZR",
    "end_date": "2015-09-30",
    "amend": "False",
    "period_focus": "Q3",
    "fiscal_year": 2015,
    "doc_type": "10-Q",
    "revenues": 1141000000,
    "op_income": 139000000,
    "net_income": -791000000,
    "eps_basic": -5.44,
    "eps_diluted": -5.44,
    "dividend": 0,
    "assets": 12652000000,
    "cur_assets": 2219000000,
    "cur_liab": 2218000000,
    "cash": 1609000000,
    "equity": 2259000000,
    "cash_flow_op": 250000000,
    "cash_flow_inv": -1226000000,
    "cash_flow_fin": -214000000
  },
  {
    "symbol": "CALA",
    "end_date": "2015-09-30",
    "amend": "False",
    "period_focus": "Q3",
    "fiscal_year": 2015,
    "doc_type": "10-Q",
    "revenues": "",
    "op_income": -8950000,
    "net_income": -8900000,
    "eps_basic": -0.49,
    "eps_diluted": -0.49,
    "dividend": 0,
    "assets": 84530000,
    "cur_assets": 83683000,
    "cur_liab": 5757000,
    "cash": 8431000,
    "equity": 78595000,
    "cash_flow_op": -20019000,
    "cash_flow_inv": -74064000,
    "cash_flow_fin": 545000
  },
  {
    "symbol": "CFNB",
    "end_date": "2015-09-30",
    "amend": "False",
    "period_focus": "Q1",
    "fiscal_year": 2016,
    "doc_type": "10-Q",
    "revenues": 7146000,
    "op_income": "",
    "net_income": 1724000,
    "eps_basic": 0.16,
    "eps_diluted": 0.16,
    "dividend": 0,
    "assets": 759868000,
    "cur_assets": "",
    "cur_liab": "",
    "cash": 71908000,
    "equity": 190327000,
    "cash_flow_op": 1305000,
    "cash_flow_inv": -15008000,
    "cash_flow_fin": 25371000
  },
  {
    "symbol": "CGIX",
    "end_date": "2015-09-30",
    "amend": "False",
    "period_focus": "Q3",
    "fiscal_year": 2015,
    "doc_type": "10-Q",
    "revenues": 4000332,
    "op_income": -5634753,
    "net_income": -5212014,
    "eps_basic": -0.54,
    "eps_diluted": -0.56,
    "dividend": 0,
    "assets": 35979745,
    "cur_assets": 26623520,
    "cur_liab": 6504913,
    "cash": 19917926,
    "equity": 22318147,
    "cash_flow_op": -9950504,
    "cash_flow_inv": 4571660,
    "cash_flow_fin": -257294
  },
  {
    "symbol": "CAC",
    "end_date": "2015-09-30",
    "amend": "False",
    "period_focus": "Q3",
    "fiscal_year": 2015,
    "doc_type": "10-Q",
    "revenues": 29617000,
    "op_income": "",
    "net_income": 6435000,
    "eps_basic": 0.86,
    "eps_diluted": 0.86,
    "dividend": 0,
    "assets": 2871798000,
    "cur_assets": "",
    "cur_liab": "",
    "cash": 66644000,
    "equity": 259403000,
    "cash_flow_op": 21751000,
    "cash_flow_inv": -72214000,
    "cash_flow_fin": 56294000
  },
  {
    "symbol": "LIND",
    "end_date": "2015-09-30",
    "amend": "False",
    "period_focus": "Q3",
    "fiscal_year": 2015,
    "doc_type": "10-Q",
    "revenues": 58561323,
    "op_income": 5759836,
    "net_income": 4416278,
    "eps_basic": 0.1,
    "eps_diluted": 0.1,
    "dividend": 0,
    "assets": 375962730,
    "cur_assets": 234203303,
    "cur_liab": 93325425,
    "cash": 208751533,
    "equity": 118597932,
    "cash_flow_op": 30267052,
    "cash_flow_inv": -75679716,
    "cash_flow_fin": 214571210
  },
  {
    "symbol": "CARA",
    "end_date": "2015-09-30",
    "amend": "False",
    "period_focus": "Q3",
    "fiscal_year": 2015,
    "doc_type": "10-Q",
    "revenues": 2440000,
    "op_income": -5009000,
    "net_income": -4787000,
    "eps_basic": -0.19,
    "eps_diluted": -0.19,
    "dividend": 0,
    "assets": 117897000,
    "cur_assets": 115680000,
    "cur_liab": 3374000,
    "cash": 111116000,
    "equity": 113863000,
    "cash_flow_op": -17310000,
    "cash_flow_inv": -13000,
    "cash_flow_fin": 75776000
  },
  {
    "symbol": "CARB",
    "end_date": "2015-09-30",
    "amend": "False",
    "period_focus": "Q3",
    "fiscal_year": 2015,
    "doc_type": "10-Q",
    "revenues": 34553000,
    "op_income": -5701000,
    "net_income": -5966000,
    "eps_basic": -0.22,
    "eps_diluted": -0.22,
    "dividend": 0,
    "assets": 128000000,
    "cur_assets": 70025000,
    "cur_liab": 98482000,
    "cash": 61623000,
    "equity": 4531000,
    "cash_flow_op": 8540000,
    "cash_flow_inv": 8315000,
    "cash_flow_fin": -1170000
  },
  {
    "symbol": "BLT",
    "end_date": "2015-09-30",
    "amend": "False",
    "period_focus": "Q3",
    "fiscal_year": 2015,
    "doc_type": "10-Q",
    "revenues": 209171000,
    "op_income": 14142000,
    "net_income": 12266000,
    "eps_basic": 0.25,
    "eps_diluted": 0.25,
    "dividend": 0,
    "assets": 731385000,
    "cur_assets": 364206000,
    "cur_liab": 135155000,
    "cash": 25103000,
    "equity": 119921000,
    "cash_flow_op": 47346000,
    "cash_flow_inv": -29934000,
    "cash_flow_fin": -18182000
  },
  {
    "symbol": "BOOT",
    "end_date": "2015-09-26",
    "amend": "False",
    "period_focus": "Q2",
    "fiscal_year": 2016,
    "doc_type": "10-Q",
    "revenues": 129712000,
    "op_income": -411000,
    "net_income": -3343000,
    "eps_basic": -0.13,
    "eps_diluted": -0.13,
    "dividend": 0,
    "assets": 530751000,
    "cur_assets": 206932000,
    "cur_liab": 166022000,
    "cash": 7458000,
    "equity": 148730000,
    "cash_flow_op": -4382000,
    "cash_flow_inv": -166236000,
    "cash_flow_fin": 176628000
  },
  {
    "symbol": "CKEC",
    "end_date": "2015-09-30",
    "amend": "False",
    "period_focus": "Q3",
    "fiscal_year": 2015,
    "doc_type": "10-Q",
    "revenues": 180241000,
    "op_income": 2801000,
    "net_income": -6257000,
    "eps_basic": -0.26,
    "eps_diluted": -0.26,
    "dividend": 0,
    "assets": 889260000,
    "cur_assets": 159185000,
    "cur_liab": 97039000,
    "cash": 120384000,
    "equity": 284026000,
    "cash_flow_op": 57807000,
    "cash_flow_inv": -22724000,
    "cash_flow_fin": -12236000
  },
  {
    "symbol": "CARV",
    "end_date": "2015-09-30",
    "amend": "False",
    "period_focus": "Q2",
    "fiscal_year": 2016,
    "doc_type": "10-Q",
    "revenues": 7861000,
    "op_income": -165000,
    "net_income": -165000,
    "eps_basic": -0.04,
    "eps_diluted": -0.04,
    "dividend": 0,
    "assets": 736736000,
    "cur_assets": "",
    "cur_liab": "",
    "cash": 56919000,
    "equity": 55220000,
    "cash_flow_op": 2265000,
    "cash_flow_inv": -54117000,
    "cash_flow_fin": 58532000
  },
  {
    "symbol": "CPRX",
    "end_date": "2015-09-30",
    "amend": "False",
    "period_focus": "Q3",
    "fiscal_year": 2015,
    "doc_type": "10-Q",
    "revenues": "",
    "op_income": -5017428,
    "net_income": -4449038,
    "eps_basic": -0.05,
    "eps_diluted": -0.05,
    "dividend": 0,
    "assets": 64562756,
    "cur_assets": 64356233,
    "cur_liab": 2386187,
    "cash": 32750459,
    "equity": 60649725,
    "cash_flow_op": -13383899,
    "cash_flow_inv": -56976,
    "cash_flow_fin": 37094556
  },
  {
    "symbol": "CBFV",
    "end_date": "2015-09-30",
    "amend": "False",
    "period_focus": "Q3",
    "fiscal_year": 2015,
    "doc_type": "10-Q",
    "revenues": 9851000,
    "op_income": "",
    "net_income": 2128000,
    "eps_basic": 0.52,
    "eps_diluted": 0.52,
    "dividend": 0,
    "assets": 824148000,
    "cur_assets": "",
    "cur_liab": "",
    "cash": 10887000,
    "equity": 86259000,
    "cash_flow_op": 49252000,
    "cash_flow_inv": -16514000,
    "cash_flow_fin": -29025000
  },
  {
    "symbol": "CECE",
    "end_date": "2015-09-30",
    "amend": "False",
    "period_focus": "Q3",
    "fiscal_year": 2015,
    "doc_type": "10-Q",
    "revenues": 98230000,
    "op_income": -2194000,
    "net_income": -4825000,
    "eps_basic": -0.17,
    "eps_diluted": -0.17,
    "dividend": 0,
    "assets": 646820000,
    "cur_assets": 244709000,
    "cur_liab": 148635000,
    "cash": 30763000,
    "equity": 250624000,
    "cash_flow_op": -10621000,
    "cash_flow_inv": -35260000,
    "cash_flow_fin": 58533000
  },
  {
    "symbol": "BFAM",
    "end_date": "2015-09-30",
    "amend": "False",
    "period_focus": "Q3",
    "fiscal_year": 2015,
    "doc_type": "10-Q",
    "revenues": 365944000,
    "op_income": 41741000,
    "net_income": 20558000,
    "eps_basic": 0.34,
    "eps_diluted": 0.33,
    "dividend": 0,
    "assets": 2153941000,
    "cur_assets": 167141000,
    "cur_liab": 315612000,
    "cash": 21393000,
    "equity": 714823000,
    "cash_flow_op": 142263000,
    "cash_flow_inv": -128051000,
    "cash_flow_fin": -80506000
  },
  {
    "symbol": "BKD",
    "end_date": "2015-09-30",
    "amend": "False",
    "period_focus": "Q3",
    "fiscal_year": 2015,
    "doc_type": "10-Q",
    "revenues": 1238841000,
    "op_income": 3663000,
    "net_income": -68220000,
    "eps_basic": -0.37,
    "eps_diluted": -0.37,
    "dividend": 0,
    "assets": 10274960000,
    "cur_assets": 478121000,
    "cur_liab": 716130000,
    "cash": 70391000,
    "equity": 2626527000,
    "cash_flow_op": 202185000,
    "cash_flow_inv": -498302000,
    "cash_flow_fin": 262425000
  },
  {
    "symbol": "CLDN",
    "end_date": "2015-09-30",
    "amend": "False",
    "period_focus": "Q3",
    "fiscal_year": 2015,
    "doc_type": "10-Q",
    "revenues": "",
    "op_income": -5052000,
    "net_income": -6396000,
    "eps_basic": -0.27,
    "eps_diluted": -0.27,
    "dividend": 0,
    "assets": 38236000,
    "cur_assets": 38093000,
    "cur_liab": 1797000,
    "cash": 37092000,
    "equity": 36410000,
    "cash_flow_op": -36733000,
    "cash_flow_inv": 70369000,
    "cash_flow_fin": -10979000
  },
  {
    "symbol": "CEVA",
    "end_date": "2015-09-30",
    "amend": "False",
    "period_focus": "Q3",
    "fiscal_year": 2015,
    "doc_type": "10-Q",
    "revenues": 16235000,
    "op_income": 3491000,
    "net_income": 3309000,
    "eps_basic": 0.16,
    "eps_diluted": 0.16,
    "dividend": 0,
    "assets": 208209000,
    "cur_assets": 98097000,
    "cur_liab": 16386000,
    "cash": 16316000,
    "equity": 183256000,
    "cash_flow_op": 7812000,
    "cash_flow_inv": -1262000,
    "cash_flow_fin": -6362000
  },
  {
    "symbol": "CCXI",
    "end_date": "2015-09-30",
    "amend": "False",
    "period_focus": "Q3",
    "fiscal_year": 2015,
    "doc_type": "10-Q",
    "revenues": "",
    "op_income": -11742000,
    "net_income": -11647000,
    "eps_basic": -0.26,
    "eps_diluted": -0.26,
    "dividend": 0,
    "assets": 87194000,
    "cur_assets": 74169000,
    "cur_liab": 5534000,
    "cash": 14572000,
    "equity": 81497000,
    "cash_flow_op": -30059000,
    "cash_flow_inv": 26913000,
    "cash_flow_fin": 1643000
  },
  {
    "symbol": "CHEV",
    "end_date": "2015-09-30",
    "amend": "False",
    "period_focus": "Q3",
    "fiscal_year": 2015,
    "doc_type": "10-Q",
    "revenues": 5250000,
    "op_income": "",
    "net_income": 330000,
    "eps_basic": 0.05,
    "eps_diluted": 0.05,
    "dividend": 0.1,
    "assets": 576563000,
    "cur_assets": "",
    "cur_liab": "",
    "cash": 52973000,
    "equity": 96890000,
    "cash_flow_op": -214000,
    "cash_flow_inv": 6822000,
    "cash_flow_fin": 3926000
  },
  {
    "symbol": "CXDC",
    "end_date": "2015-09-30",
    "amend": "False",
    "period_focus": "Q3",
    "fiscal_year": 2015,
    "doc_type": "10-Q",
    "revenues": 239101063,
    "op_income": 17373134,
    "net_income": 4513381,
    "eps_basic": 0.09,
    "eps_diluted": 0.09,
    "dividend": 0,
    "assets": 1564723143,
    "cur_assets": 905869296,
    "cur_liab": 563453098,
    "cash": 51096130,
    "equity": 566416382,
    "cash_flow_op": 1388960,
    "cash_flow_inv": -101659935,
    "cash_flow_fin": 108086875
  },
  {
    "symbol": "CAS",
    "end_date": "2015-09-30",
    "amend": "False",
    "period_focus": "Q3",
    "fiscal_year": 2015,
    "doc_type": "10-Q",
    "revenues": 184676000,
    "op_income": -12081000,
    "net_income": -26300000,
    "eps_basic": -1.12,
    "eps_diluted": -1.12,
    "dividend": 0,
    "assets": 516962000,
    "cur_assets": 332598000,
    "cur_liab": 118008000,
    "cash": 11972000,
    "equity": 40695000,
    "cash_flow_op": -6411000,
    "cash_flow_inv": 2349000,
    "cash_flow_fin": 8004000
  },
  {
    "symbol": "CEB",
    "end_date": "2015-09-30",
    "amend": "False",
    "period_focus": "Q3",
    "fiscal_year": 2015,
    "doc_type": "10-Q",
    "revenues": 231936000,
    "op_income": 43438000,
    "net_income": 31969000,
    "eps_basic": 0.96,
    "eps_diluted": 0.95,
    "dividend": 0.375,
    "assets": 1269002000,
    "cur_assets": 406452000,
    "cur_liab": 523339000,
    "cash": 121429000,
    "equity": 66395000,
    "cash_flow_op": 101205000,
    "cash_flow_inv": -36838000,
    "cash_flow_fin": -53334000
  },
  {
    "symbol": "CBL",
    "end_date": "2015-09-30",
    "amend": "False",
    "period_focus": "Q3",
    "fiscal_year": 2015,
    "doc_type": "10-Q",
    "revenues": 262636000,
    "op_income": 94007000,
    "net_income": 26346000,
    "eps_basic": 0.15,
    "eps_diluted": 0.15,
    "dividend": 0.265,
    "assets": 6695735000,
    "cur_assets": "",
    "cur_liab": "",
    "cash": 32437000,
    "equity": 1490730000,
    "cash_flow_op": 359882000,
    "cash_flow_inv": -299604000,
    "cash_flow_fin": -65779000
  },
  {
    "symbol": "CBG",
    "end_date": "2015-09-30",
    "amend": "False",
    "period_focus": "Q3",
    "fiscal_year": 2015,
    "doc_type": "10-Q",
    "revenues": 2712559000,
    "op_income": 240101000,
    "net_income": 149123000,
    "eps_basic": 0.45,
    "eps_diluted": 0.44,
    "dividend": 0,
    "assets": 9555464000,
    "cur_assets": 3979647000,
    "cur_liab": 3604263000,
    "cash": 440357000,
    "equity": 2589525000,
    "cash_flow_op": 142410000,
    "cash_flow_inv": -1631946000,
    "cash_flow_fin": 1210170000
  },
  {
    "symbol": "CGI",
    "end_date": "2015-09-30",
    "amend": "False",
    "period_focus": "Q1",
    "fiscal_year": 2016,
    "doc_type": "10-Q",
    "revenues": 266121000,
    "op_income": 21172000,
    "net_income": 11367000,
    "eps_basic": 0.41,
    "eps_diluted": 0.41,
    "dividend": 0,
    "assets": 1262221000,
    "cur_assets": 398716000,
    "cur_liab": 233646000,
    "cash": 24844000,
    "equity": 368009000,
    "cash_flow_op": -22807000,
    "cash_flow_inv": 33444000,
    "cash_flow_fin": -11045000
  },
  {
    "symbol": "CSG",
    "end_date": "2015-09-30",
    "amend": "False",
    "period_focus": "Q3",
    "fiscal_year": 2015,
    "doc_type": "10-Q",
    "revenues": 71633000,
    "op_income": 14027000,
    "net_income": 6030000,
    "eps_basic": 0.03,
    "eps_diluted": 0.03,
    "dividend": 0.128,
    "assets": 2746290000,
    "cur_assets": "",
    "cur_liab": "",
    "cash": 53955000,
    "equity": 1273024000,
    "cash_flow_op": 120980000,
    "cash_flow_inv": 24779000,
    "cash_flow_fin": -131901000
  },
  {
    "symbol": "CF",
    "end_date": "2015-09-30",
    "amend": "False",
    "period_focus": "Q3",
    "fiscal_year": 2015,
    "doc_type": "10-Q",
    "revenues": 927400000,
    "op_income": 58500000,
    "net_income": 90900000,
    "eps_basic": 0.39,
    "eps_diluted": 0.39,
    "dividend": 0.3,
    "assets": 12869800000,
    "cur_assets": 1764200000,
    "cur_liab": 1273600000,
    "cash": 943200000,
    "equity": 4467500000,
    "cash_flow_op": 1071500000,
    "cash_flow_inv": -2298900000,
    "cash_flow_fin": 181700000
  },
  {
    "symbol": "CIDM",
    "end_date": "2015-09-30",
    "amend": "False",
    "period_focus": "Q2",
    "fiscal_year": 2016,
    "doc_type": "10-Q",
    "revenues": 27704000,
    "op_income": -17938000,
    "net_income": -23074000,
    "eps_basic": -0.35,
    "eps_diluted": -0.35,
    "dividend": 0,
    "assets": 238906000,
    "cur_assets": 109578000,
    "cur_liab": 109959000,
    "cash": 18963000,
    "equity": -66069000,
    "cash_flow_op": 4626000,
    "cash_flow_inv": -453000,
    "cash_flow_fin": -4209000
  },
  {
    "symbol": "CMCT",
    "end_date": "2015-09-30",
    "amend": "False",
    "period_focus": "Q3",
    "fiscal_year": 2015,
    "doc_type": "10-Q",
    "revenues": 66395000,
    "op_income": "",
    "net_income": 5242000,
    "eps_basic": 0,
    "eps_diluted": 0,
    "dividend": 0,
    "assets": 2092510000,
    "cur_assets": "",
    "cur_liab": "",
    "cash": 32742000,
    "equity": 1303555000,
    "cash_flow_op": 54739000,
    "cash_flow_inv": -28329000,
    "cash_flow_fin": -14629000
  },
  {
    "symbol": "CHMI",
    "end_date": "2015-09-30",
    "amend": "False",
    "period_focus": "Q3",
    "fiscal_year": 2015,
    "doc_type": "10-Q",
    "revenues": 463000,
    "op_income": "",
    "net_income": -5124000,
    "eps_basic": -0.68,
    "eps_diluted": -0.68,
    "dividend": 0,
    "assets": 702185000,
    "cur_assets": "",
    "cur_liab": "",
    "cash": 12661000,
    "equity": 152481000,
    "cash_flow_op": 15975000,
    "cash_flow_inv": -164224000,
    "cash_flow_fin": 148463000
  },
  {
    "symbol": "CIZN",
    "end_date": "2015-09-30",
    "amend": "False",
    "period_focus": "Q3",
    "fiscal_year": 2015,
    "doc_type": "10-Q",
    "revenues": 9806074,
    "op_income": "",
    "net_income": 1836461,
    "eps_basic": 0.38,
    "eps_diluted": 0.38,
    "dividend": 0.23,
    "assets": 960895192,
    "cur_assets": "",
    "cur_liab": "",
    "cash": 20349539,
    "equity": 84513124,
    "cash_flow_op": 6514046,
    "cash_flow_inv": -41395212,
    "cash_flow_fin": 32824975
  },
  {
    "symbol": "CBLI",
    "end_date": "2015-09-30",
    "amend": "False",
    "period_focus": "Q3",
    "fiscal_year": 2015,
    "doc_type": "10-Q",
    "revenues": 501555,
    "op_income": -2817156,
    "net_income": -3120199,
    "eps_basic": -0.31,
    "eps_diluted": -0.31,
    "dividend": 0,
    "assets": 24661981,
    "cur_assets": 23386038,
    "cur_liab": 10136763,
    "cash": 6362679,
    "equity": 14525218,
    "cash_flow_op": -8859645,
    "cash_flow_inv": -12792474,
    "cash_flow_fin": 24809045
  },
  {
    "symbol": "CIR",
    "end_date": "2015-07-05",
    "amend": "True",
    "period_focus": "Q2",
    "fiscal_year": 2015,
    "doc_type": "10-Q",
    "revenues": 166906000,
    "op_income": 5090000,
    "net_income": 1872000,
    "eps_basic": 0.11,
    "eps_diluted": 0.11,
    "dividend": 0.0375,
    "assets": 746301000,
    "cur_assets": 456621000,
    "cur_liab": 170019000,
    "cash": 55027000,
    "equity": 421073000,
    "cash_flow_op": -8366000,
    "cash_flow_inv": -82791000,
    "cash_flow_fin": 31379000
  },
  {
    "symbol": "CIR",
    "end_date": "2015-10-04",
    "amend": "False",
    "period_focus": "Q3",
    "fiscal_year": 2015,
    "doc_type": "10-Q",
    "revenues": 159258000,
    "op_income": -3529000,
    "net_income": -8078000,
    "eps_basic": -0.49,
    "eps_diluted": -0.49,
    "dividend": 0.0375,
    "assets": 714361000,
    "cur_assets": 434081000,
    "cur_liab": 156115000,
    "cash": 53822000,
    "equity": 407979000,
    "cash_flow_op": -3359000,
    "cash_flow_inv": -85628000,
    "cash_flow_fin": 28853000
  },
  {
    "symbol": "CIA",
    "end_date": "2015-09-30",
    "amend": "False",
    "period_focus": "Q3",
    "fiscal_year": 2015,
    "doc_type": "10-Q",
    "revenues": 58124000,
    "op_income": "",
    "net_income": 103000,
    "eps_basic": 0,
    "eps_diluted": 0,
    "dividend": 0,
    "assets": 1475034000,
    "cur_assets": "",
    "cur_liab": "",
    "cash": 42831000,
    "equity": 249742000,
    "cash_flow_op": 62726000,
    "cash_flow_inv": -72714000,
    "cash_flow_fin": 2111000
  },
  {
    "symbol": "CWEI",
    "end_date": "2015-09-30",
    "amend": "False",
    "period_focus": "Q3",
    "fiscal_year": 2015,
    "doc_type": "10-Q",
    "revenues": 54581000,
    "op_income": -19739000,
    "net_income": -9423000,
    "eps_basic": -0.77,
    "eps_diluted": -0.77,
    "dividend": 0,
    "assets": 1399650000,
    "cur_assets": 88739000,
    "cur_liab": 87525000,
    "cash": 8742000,
    "equity": 346807000,
    "cash_flow_op": 54996000,
    "cash_flow_inv": -119270000,
    "cash_flow_fin": 45000000
  },
  {
    "symbol": "CLCD",
    "end_date": "2015-09-30",
    "amend": "False",
    "period_focus": "Q3",
    "fiscal_year": 2015,
    "doc_type": "10-Q",
    "revenues": 1500000,
    "op_income": -8995761,
    "net_income": -8949996,
    "eps_basic": -0.59,
    "eps_diluted": -0.59,
    "dividend": 0,
    "assets": 75651337,
    "cur_assets": 70701516,
    "cur_liab": 5630801,
    "cash": 36019411,
    "equity": 68520536,
    "cash_flow_op": -12584836,
    "cash_flow_inv": -38168728,
    "cash_flow_fin": 86568613
  },
  {
    "symbol": "COMM",
    "end_date": "2015-09-30",
    "amend": "False",
    "period_focus": "Q3",
    "fiscal_year": 2015,
    "doc_type": "10-Q",
    "revenues": 972597000,
    "op_income": -42518000,
    "net_income": -80796000,
    "eps_basic": -0.42,
    "eps_diluted": -0.42,
    "dividend": 0,
    "assets": 7861206000,
    "cur_assets": 2350480000,
    "cur_liab": 763940000,
    "cash": 617962000,
    "equity": 1318475000,
    "cash_flow_op": 185736000,
    "cash_flow_inv": -2993411000,
    "cash_flow_fin": 2710886000
  },
  {
    "symbol": "CFMS",
    "end_date": "2015-09-30",
    "amend": "False",
    "period_focus": "Q3",
    "fiscal_year": 2015,
    "doc_type": "10-Q",
    "revenues": 13894000,
    "op_income": -16212000,
    "net_income": -17107000,
    "eps_basic": -0.45,
    "eps_diluted": -0.45,
    "dividend": 0,
    "assets": 173718000,
    "cur_assets": 160250000,
    "cur_liab": 13396000,
    "cash": 139202000,
    "equity": 155123000,
    "cash_flow_op": -33499000,
    "cash_flow_inv": 51000,
    "cash_flow_fin": 134596000
  },
  {
    "symbol": "CNOB",
    "end_date": "2015-09-30",
    "amend": "False",
    "period_focus": "Q3",
    "fiscal_year": 2015,
    "doc_type": "10-Q",
    "revenues": 40005000,
    "op_income": "",
    "net_income": 10814000,
    "eps_basic": 0.36,
    "eps_diluted": 0.36,
    "dividend": 0.075,
    "assets": 3838253000,
    "cur_assets": "",
    "cur_liab": "",
    "cash": 30100000,
    "equity": 471146000,
    "cash_flow_op": 36205000,
    "cash_flow_inv": -366268000,
    "cash_flow_fin": 361737000
  },
  {
    "symbol": "CWCO",
    "end_date": "2015-09-30",
    "amend": "False",
    "period_focus": "Q3",
    "fiscal_year": 2015,
    "doc_type": "10-Q",
    "revenues": 1500000,
    "op_income": 2153776,
    "net_income": 1772563,
    "eps_basic": 0.12,
    "eps_diluted": 0.12,
    "dividend": 0.075,
    "assets": 161152322,
    "cur_assets": 63794971,
    "cur_liab": 13631484,
    "cash": 40766125,
    "equity": 147296011,
    "cash_flow_op": 11703961,
    "cash_flow_inv": -1884177,
    "cash_flow_fin": -4762958
  },
  {
    "symbol": "CNOB",
    "end_date": "2015-06-30",
    "amend": "True",
    "period_focus": "Q2",
    "fiscal_year": 2015,
    "doc_type": "10-Q",
    "revenues": 37617000,
    "op_income": "",
    "net_income": 10493000,
    "eps_basic": 0.35,
    "eps_diluted": 0.35,
    "dividend": 0.075,
    "assets": 3660057000,
    "cur_assets": "",
    "cur_liab": "",
    "cash": 41454000,
    "equity": 463982000,
    "cash_flow_op": 22277000,
    "cash_flow_inv": -217299000,
    "cash_flow_fin": 193658000
  },
  {
    "symbol": "CNFR",
    "end_date": "2015-09-30",
    "amend": "False",
    "period_focus": "Q3",
    "fiscal_year": 2015,
    "doc_type": "10-Q",
    "revenues": 19021000,
    "op_income": "",
    "net_income": 1212000,
    "eps_basic": 0.21,
    "eps_diluted": 0.21,
    "dividend": 0,
    "assets": 172625000,
    "cur_assets": "",
    "cur_liab": "",
    "cash": 13581000,
    "equity": 80164000,
    "cash_flow_op": -9826000,
    "cash_flow_inv": -5017000,
    "cash_flow_fin": 9936000
  },
  {
    "symbol": "CLNY",
    "end_date": "2015-09-30",
    "amend": "False",
    "period_focus": "Q3",
    "fiscal_year": 2015,
    "doc_type": "10-Q",
    "revenues": 262978000,
    "op_income": "",
    "net_income": 37203000,
    "eps_basic": 0.33,
    "eps_diluted": 0.32,
    "dividend": 0.38,
    "assets": 9704610000,
    "cur_assets": "",
    "cur_liab": "",
    "cash": 307963000,
    "equity": 5376652000,
    "cash_flow_op": 322157000,
    "cash_flow_inv": -898842000,
    "cash_flow_fin": 672911000
  },
  {
    "symbol": "CRBP",
    "end_date": "2015-09-30",
    "amend": "False",
    "period_focus": "Q3",
    "fiscal_year": 2015,
    "doc_type": "10-Q",
    "revenues": 170454,
    "op_income": -2254922,
    "net_income": -2253885,
    "eps_basic": -0.06,
    "eps_diluted": -0.06,
    "dividend": 0,
    "assets": 13333870,
    "cur_assets": 13271302,
    "cur_liab": 1875946,
    "cash": 13172926,
    "equity": 11173830,
    "cash_flow_op": -3743808,
    "cash_flow_inv": -21036,
    "cash_flow_fin": 10675325
  },
  {
    "symbol": "BVA",
    "end_date": "2015-09-30",
    "amend": "False",
    "period_focus": "Q3",
    "fiscal_year": 2015,
    "doc_type": "10-Q",
    "revenues": 2864000,
    "op_income": "",
    "net_income": 130000,
    "eps_basic": 0.02,
    "eps_diluted": 0.02,
    "dividend": 0,
    "assets": 347984000,
    "cur_assets": "",
    "cur_liab": "",
    "cash": 9437000,
    "equity": 28123000,
    "cash_flow_op": 696000,
    "cash_flow_inv": -25757000,
    "cash_flow_fin": 28621000
  },
  {
    "symbol": "CVTI",
    "end_date": "2015-09-30",
    "amend": "False",
    "period_focus": "Q3",
    "fiscal_year": 2015,
    "doc_type": "10-Q",
    "revenues": 173512000,
    "op_income": 14629000,
    "net_income": 7627000,
    "eps_basic": 0.42,
    "eps_diluted": 0.42,
    "dividend": 0,
    "assets": 595337000,
    "cur_assets": 118389000,
    "cur_liab": 104659000,
    "cash": 14022000,
    "equity": 194055000,
    "cash_flow_op": 78560000,
    "cash_flow_inv": -114507000,
    "cash_flow_fin": 28639000
  },
  {
    "symbol": "CROX",
    "end_date": "2015-09-30",
    "amend": "False",
    "period_focus": "Q3",
    "fiscal_year": 2015,
    "doc_type": "10-Q",
    "revenues": 274088000,
    "op_income": -20730000,
    "net_income": -27776000,
    "eps_basic": -0.37,
    "eps_diluted": -0.37,
    "dividend": 0,
    "assets": 721925000,
    "cur_assets": 539130000,
    "cur_liab": 194590000,
    "cash": 168466000,
    "equity": 333095000,
    "cash_flow_op": 6940000,
    "cash_flow_inv": -11796000,
    "cash_flow_fin": -87885000
  },
  {
    "symbol": "CCLP",
    "end_date": "2015-09-30",
    "amend": "False",
    "period_focus": "Q3",
    "fiscal_year": 2015,
    "doc_type": "10-Q",
    "revenues": 128924000,
    "op_income": "",
    "net_income": 1619000,
    "eps_basic": 0.04,
    "eps_diluted": 0.04,
    "dividend": 0,
    "assets": 1168419000,
    "cur_assets": 154927000,
    "cur_liab": 72737000,
    "cash": 18305000,
    "equity": "",
    "cash_flow_op": 63542000,
    "cash_flow_inv": -76064000,
    "cash_flow_fin": -2847000
  },
  {
    "symbol": "CTCM",
    "end_date": "2015-09-30",
    "amend": "False",
    "period_focus": "Q3",
    "fiscal_year": 2015,
    "doc_type": "10-Q",
    "revenues": 77246000,
    "op_income": 4756000,
    "net_income": 44160000,
    "eps_basic": 0.28,
    "eps_diluted": 0.28,
    "dividend": 0,
    "assets": 502200000,
    "cur_assets": 264499000,
    "cur_liab": 109428000,
    "cash": 84039000,
    "equity": 388615000,
    "cash_flow_op": 935000,
    "cash_flow_inv": 82850000,
    "cash_flow_fin": -30435000
  },
  {
    "symbol": "CRIS",
    "end_date": "2015-09-30",
    "amend": "False",
    "period_focus": "Q3",
    "fiscal_year": 2015,
    "doc_type": "10-Q",
    "revenues": 2044967,
    "op_income": -4843743,
    "net_income": -5543124,
    "eps_basic": -0.04,
    "eps_diluted": -0.04,
    "dividend": 0,
    "assets": 106112876,
    "cur_assets": 96606771,
    "cur_liab": 9303205,
    "cash": 28658916,
    "equity": 75992814,
    "cash_flow_op": -19027935,
    "cash_flow_inv": -22089413,
    "cash_flow_fin": 62028853
  },
  {
    "symbol": "CUI",
    "end_date": "2015-09-30",
    "amend": "False",
    "period_focus": "Q3",
    "fiscal_year": 2015,
    "doc_type": "10-Q",
    "revenues": 24928000,
    "op_income": 167000,
    "net_income": -59000,
    "eps_basic": 0,
    "eps_diluted": 0,
    "dividend": 0,
    "assets": 91209000,
    "cur_assets": 37753000,
    "cur_liab": 15566000,
    "cash": 6236000,
    "equity": 61104000,
    "cash_flow_op": -7223000,
    "cash_flow_inv": 1919000,
    "cash_flow_fin": -86000
  },
  {
    "symbol": "CSC",
    "end_date": "2015-10-02",
    "amend": "False",
    "period_focus": "Q2",
    "fiscal_year": 2016,
    "doc_type": "10-Q",
    "revenues": 2712000000,
    "op_income": 308000000,
    "net_income": 167000000,
    "eps_basic": 1.21,
    "eps_diluted": 1.19,
    "dividend": 0.23,
    "assets": 10013000000,
    "cur_assets": 4445000000,
    "cur_liab": 3377000000,
    "cash": 1818000000,
    "equity": 3046000000,
    "cash_flow_op": 441000000,
    "cash_flow_inv": -481000000,
    "cash_flow_fin": -213000000
  },
  {
    "symbol": "CORR",
    "end_date": "2015-09-30",
    "amend": "False",
    "period_focus": "Q3",
    "fiscal_year": 2015,
    "doc_type": "10-Q",
    "revenues": 22140450,
    "op_income": 4011173,
    "net_income": -609890,
    "eps_basic": -0.01,
    "eps_diluted": -0.01,
    "dividend": 0.135,
    "assets": 689584860,
    "cur_assets": 29313,
    "cur_liab": 22509,
    "cash": 16862808,
    "equity": 450010624,
    "cash_flow_op": 30912316,
    "cash_flow_inv": -243829094,
    "cash_flow_fin": 222201422
  },
  {
    "symbol": "CVBF",
    "end_date": "2015-09-30",
    "amend": "False",
    "period_focus": "Q3",
    "fiscal_year": 2015,
    "doc_type": "10-Q",
    "revenues": 76144000,
    "op_income": "",
    "net_income": 27737000,
    "eps_basic": 0.26,
    "eps_diluted": 0.26,
    "dividend": 0.12,
    "assets": 7626462000,
    "cur_assets": "",
    "cur_liab": "",
    "cash": 100334000,
    "equity": 920727000,
    "cash_flow_op": 85370000,
    "cash_flow_inv": -7011000,
    "cash_flow_fin": 124100000
  },
  {
    "symbol": "DCTH",
    "end_date": "2015-09-30",
    "amend": "False",
    "period_focus": "Q3",
    "fiscal_year": 2015,
    "doc_type": "10-Q",
    "revenues": 399000,
    "op_income": -3650000,
    "net_income": -2422000,
    "eps_basic": -0.12,
    "eps_diluted": -0.12,
    "dividend": 0,
    "assets": 19567000,
    "cur_assets": 18165000,
    "cur_liab": 5178000,
    "cash": 16666000,
    "equity": 13515000,
    "cash_flow_op": -12188000,
    "cash_flow_inv": -127000,
    "cash_flow_fin": 8674000
  },
  {
    "symbol": "DENN",
    "end_date": "2015-09-30",
    "amend": "False",
    "period_focus": "Q3",
    "fiscal_year": 2015,
    "doc_type": "10-Q",
    "revenues": 123778000,
    "op_income": 15723000,
    "net_income": 8950000,
    "eps_basic": 0.11,
    "eps_diluted": 0.11,
    "dividend": 0,
    "assets": 289707000,
    "cur_assets": 55903000,
    "cur_liab": 74183000,
    "cash": 8601000,
    "equity": -7548000,
    "cash_flow_op": 56927000,
    "cash_flow_inv": -20554000,
    "cash_flow_fin": -30846000
  },
  {
    "symbol": "DERM",
    "end_date": "2015-09-30",
    "amend": "False",
    "period_focus": "Q3",
    "fiscal_year": 2015,
    "doc_type": "10-Q",
    "revenues": 7300000,
    "op_income": -16274000,
    "net_income": -16054000,
    "eps_basic": -0.58,
    "eps_diluted": -0.58,
    "dividend": 0,
    "assets": 247202000,
    "cur_assets": 224188000,
    "cur_liab": 19307000,
    "cash": 120276000,
    "equity": 214756000,
    "cash_flow_op": -34107000,
    "cash_flow_inv": -5543000,
    "cash_flow_fin": 104568000
  },
  {
    "symbol": "DEPO",
    "end_date": "2015-09-30",
    "amend": "False",
    "period_focus": "Q3",
    "fiscal_year": 2015,
    "doc_type": "10-Q",
    "revenues": 104856000,
    "op_income": 3235000,
    "net_income": -11785000,
    "eps_basic": -0.2,
    "eps_diluted": -0.2,
    "dividend": 0,
    "assets": 1362592000,
    "cur_assets": 302777000,
    "cur_liab": 180221000,
    "cash": 107500000,
    "equity": 341655000,
    "cash_flow_op": 85839000,
    "cash_flow_inv": -1040810000,
    "cash_flow_fin": 573803000
  },
  {
    "symbol": "CEQP",
    "end_date": "2015-09-30",
    "amend": "False",
    "period_focus": "Q3",
    "fiscal_year": 2015,
    "doc_type": "10-Q",
    "revenues": 630700000,
    "op_income": -588300000,
    "net_income": -226900000,
    "eps_basic": -1.18,
    "eps_diluted": -1.18,
    "dividend": 0,
    "assets": 7328400000,
    "cur_assets": 415600000,
    "cur_liab": 310000000,
    "cash": 9000000,
    "equity": "",
    "cash_flow_op": 301600000,
    "cash_flow_inv": -155500000,
    "cash_flow_fin": -145900000
  },
  {
    "symbol": "DRNA",
    "end_date": "2015-09-30",
    "amend": "False",
    "period_focus": "Q3",
    "fiscal_year": 2015,
    "doc_type": "10-Q",
    "revenues": 184000,
    "op_income": -16999000,
    "net_income": -16944000,
    "eps_basic": -0.82,
    "eps_diluted": -0.82,
    "dividend": 0,
    "assets": 113641000,
    "cur_assets": 95709000,
    "cur_liab": 9361000,
    "cash": 52943000,
    "equity": 104280000,
    "cash_flow_op": -35529000,
    "cash_flow_inv": 16639000,
    "cash_flow_fin": 45766000
  },
  {
    "symbol": "APPS",
    "end_date": "2015-09-30",
    "amend": "False",
    "period_focus": "Q2",
    "fiscal_year": 2016,
    "doc_type": "10-Q",
    "revenues": 20734000,
    "op_income": -8144000,
    "net_income": -8322000,
    "eps_basic": -0.14,
    "eps_diluted": -0.14,
    "dividend": 0,
    "assets": 115773000,
    "cur_assets": 19760000,
    "cur_liab": 29841000,
    "cash": 4582000,
    "equity": 78606000,
    "cash_flow_op": -1688000,
    "cash_flow_inv": -587000,
    "cash_flow_fin": -251000
  },
  {
    "symbol": "DISH",
    "end_date": "2015-09-30",
    "amend": "False",
    "period_focus": "Q3",
    "fiscal_year": 2015,
    "doc_type": "10-Q",
    "revenues": 3733565000,
    "op_income": 441720000,
    "net_income": 196479000,
    "eps_basic": 0.42,
    "eps_diluted": 0.42,
    "dividend": 0,
    "assets": 23102959000,
    "cur_assets": 13625813000,
    "cur_liab": 5265911000,
    "cash": 1244381000,
    "equity": 2855518000,
    "cash_flow_op": 2230037000,
    "cash_flow_inv": -7657086000,
    "cash_flow_fin": -433066000
  },
  {
    "symbol": "DXPE",
    "end_date": "2015-09-30",
    "amend": "False",
    "period_focus": "Q3",
    "fiscal_year": 2015,
    "doc_type": "10-Q",
    "revenues": 303080000,
    "op_income": -55612000,
    "net_income": -52458000,
    "eps_basic": -3.64,
    "eps_diluted": -3.64,
    "dividend": 0,
    "assets": 733734000,
    "cur_assets": 337031000,
    "cur_liab": 195221000,
    "cash": 8137000,
    "equity": 202218000,
    "cash_flow_op": 74803000,
    "cash_flow_inv": -27220000,
    "cash_flow_fin": -40014000
  },
  {
    "symbol": "EGBN",
    "end_date": "2015-09-30",
    "amend": "False",
    "period_focus": "Q3",
    "fiscal_year": 2015,
    "doc_type": "10-Q",
    "revenues": 70080000,
    "op_income": "",
    "net_income": 21283000,
    "eps_basic": 0.64,
    "eps_diluted": 0.63,
    "dividend": 0,
    "assets": 5888958000,
    "cur_assets": "",
    "cur_liab": "",
    "cash": 10703000,
    "equity": 786069000,
    "cash_flow_op": 89687000,
    "cash_flow_inv": -611187000,
    "cash_flow_fin": 571530000
  },
  {
    "symbol": "DTSI",
    "end_date": "2015-09-30",
    "amend": "False",
    "period_focus": "Q3",
    "fiscal_year": 2015,
    "doc_type": "10-Q",
    "revenues": 30673000,
    "op_income": -2297000,
    "net_income": -2802000,
    "eps_basic": -0.16,
    "eps_diluted": -0.16,
    "dividend": 0,
    "assets": 280291000,
    "cur_assets": 127617000,
    "cur_liab": 37897000,
    "cash": 19710000,
    "equity": 214799000,
    "cash_flow_op": 14039000,
    "cash_flow_inv": -28042000,
    "cash_flow_fin": -13135000
  },
  {
    "symbol": "EBMT",
    "end_date": "2015-09-30",
    "amend": "False",
    "period_focus": "Q3",
    "fiscal_year": 2015,
    "doc_type": "10-Q",
    "revenues": 8066000,
    "op_income": "",
    "net_income": 521000,
    "eps_basic": 0.14,
    "eps_diluted": 0.14,
    "dividend": 0,
    "assets": 611409000,
    "cur_assets": "",
    "cur_liab": "",
    "cash": 6529000,
    "equity": 54424000,
    "cash_flow_op": 7959000,
    "cash_flow_inv": -61266000,
    "cash_flow_fin": 48051000
  },
  {
    "symbol": "DSPG",
    "end_date": "2015-09-30",
    "amend": "False",
    "period_focus": "Q3",
    "fiscal_year": 2015,
    "doc_type": "10-Q",
    "revenues": 35219000,
    "op_income": 63000,
    "net_income": 167000,
    "eps_basic": 0.01,
    "eps_diluted": 0.01,
    "dividend": 0,
    "assets": 183381000,
    "cur_assets": 69258000,
    "cur_liab": 25712000,
    "cash": 12492000,
    "equity": 144621000,
    "cash_flow_op": 3954000,
    "cash_flow_inv": -1865000,
    "cash_flow_fin": -10056000
  },
  {
    "symbol": "EWBC",
    "end_date": "2015-09-30",
    "amend": "False",
    "period_focus": "Q3",
    "fiscal_year": 2015,
    "doc_type": "10-Q",
    "revenues": 318813000,
    "op_income": "",
    "net_income": 94097000,
    "eps_basic": 0.65,
    "eps_diluted": 0.65,
    "dividend": 0.2,
    "assets": 31119676000,
    "cur_assets": "",
    "cur_liab": "",
    "cash": 1875703000,
    "equity": 3071115000,
    "cash_flow_op": 421587000,
    "cash_flow_inv": -1676996000,
    "cash_flow_fin": 2099725000
  },
  {
    "symbol": "DECK",
    "end_date": "2015-09-30",
    "amend": "False",
    "period_focus": "Q2",
    "fiscal_year": 2016,
    "doc_type": "10-Q",
    "revenues": 486855000,
    "op_income": 51213000,
    "net_income": 36377000,
    "eps_basic": 1.12,
    "eps_diluted": 1.11,
    "dividend": 0,
    "assets": 1572666000,
    "cur_assets": 1075182000,
    "cur_liab": 639174000,
    "cash": 99775000,
    "equity": 864490000,
    "cash_flow_op": -328387000,
    "cash_flow_inv": -38749000,
    "cash_flow_fin": 241484000
  },
  {
    "symbol": "DF",
    "end_date": "2015-09-30",
    "amend": "False",
    "period_focus": "Q3",
    "fiscal_year": 2015,
    "doc_type": "10-Q",
    "revenues": 2033693000,
    "op_income": 50469000,
    "net_income": 20233000,
    "eps_basic": 0.22,
    "eps_diluted": 0.22,
    "dividend": 0.07,
    "assets": 2496811000,
    "cur_assets": 1069006000,
    "cur_liab": 758196000,
    "cash": 63767000,
    "equity": 536053000,
    "cash_flow_op": 322028000,
    "cash_flow_inv": -64807000,
    "cash_flow_fin": -208379000
  },
  {
    "symbol": "ELON",
    "end_date": "2015-09-30",
    "amend": "False",
    "period_focus": "Q3",
    "fiscal_year": 2015,
    "doc_type": "10-Q",
    "revenues": 9983000,
    "op_income": "",
    "net_income": -1047000,
    "eps_basic": -0.02,
    "eps_diluted": -0.02,
    "dividend": 0,
    "assets": 45122000,
    "cur_assets": 36381000,
    "cur_liab": 9890000,
    "cash": 9205000,
    "equity": 34702000,
    "cash_flow_op": -4189000,
    "cash_flow_inv": 11992000,
    "cash_flow_fin": -11299000
  },
  {
    "symbol": "EBIX",
    "end_date": "2015-09-30",
    "amend": "False",
    "period_focus": "Q3",
    "fiscal_year": 2015,
    "doc_type": "10-Q",
    "revenues": 66813000,
    "op_income": 21968000,
    "net_income": 20232000,
    "eps_basic": 0.59,
    "eps_diluted": 0.59,
    "dividend": 29.34,
    "assets": 648479000,
    "cur_assets": 93240000,
    "cur_liab": 49680000,
    "cash": 33200000,
    "equity": 400163000,
    "cash_flow_op": 25663000,
    "cash_flow_inv": -32128000,
    "cash_flow_fin": -10371000
  },
  {
    "symbol": "EVBS",
    "end_date": "2015-09-30",
    "amend": "False",
    "period_focus": "Q3",
    "fiscal_year": 2015,
    "doc_type": "10-Q",
    "revenues": 13708000,
    "op_income": "",
    "net_income": 2010000,
    "eps_basic": 0.11,
    "eps_diluted": 0.11,
    "dividend": 0,
    "assets": 1242387000,
    "cur_assets": "",
    "cur_liab": "",
    "cash": 12598000,
    "equity": 124943000,
    "cash_flow_op": 9299000,
    "cash_flow_inv": -57702000,
    "cash_flow_fin": 53276000
  },
  {
    "symbol": "ERI",
    "end_date": "2015-09-30",
    "amend": "False",
    "period_focus": "Q3",
    "fiscal_year": 2015,
    "doc_type": "10-Q",
    "revenues": 183540000,
    "op_income": 24092000,
    "net_income": 5399000,
    "eps_basic": 0.12,
    "eps_diluted": 0.12,
    "dividend": 0,
    "assets": 1168945000,
    "cur_assets": 132338000,
    "cur_liab": 69967000,
    "cash": 48751000,
    "equity": 156807000,
    "cash_flow_op": 20528000,
    "cash_flow_inv": -78312000,
    "cash_flow_fin": 18931000
  },
  {
    "symbol": "EA",
    "end_date": "2015-09-30",
    "amend": "False",
    "period_focus": "Q2",
    "fiscal_year": 2016,
    "doc_type": "10-Q",
    "revenues": 815000000,
    "op_income": -119000000,
    "net_income": -140000000,
    "eps_basic": -0.45,
    "eps_diluted": -0.45,
    "dividend": 0,
    "assets": 6000000000,
    "cur_assets": 3646000000,
    "cur_liab": 2525000000,
    "cash": 1598000000,
    "equity": 3146000000,
    "cash_flow_op": -62000000,
    "cash_flow_inv": -80000000,
    "cash_flow_fin": -307000000
  },
  {
    "symbol": "ELSE",
    "end_date": "2015-09-30",
    "amend": "False",
    "period_focus": "Q3",
    "fiscal_year": 2015,
    "doc_type": "10-Q",
    "revenues": 2132000,
    "op_income": 294000,
    "net_income": 195000,
    "eps_basic": 0.06,
    "eps_diluted": 0.05,
    "dividend": 0,
    "assets": 13744000,
    "cur_assets": 11237000,
    "cur_liab": 1235000,
    "cash": 2435000,
    "equity": 12054000,
    "cash_flow_op": -229000,
    "cash_flow_inv": 1855000,
    "cash_flow_fin": -381000
  },
  {
    "symbol": "NYNY",
    "end_date": "2015-09-30",
    "amend": "False",
    "period_focus": "Q3",
    "fiscal_year": 2015,
    "doc_type": "10-Q",
    "revenues": 19512000,
    "op_income": -12486000,
    "net_income": -13181000,
    "eps_basic": -0.28,
    "eps_diluted": -0.28,
    "dividend": 0,
    "assets": 73421000,
    "cur_assets": 13417000,
    "cur_liab": 34743000,
    "cash": 6002000,
    "equity": 10009000,
    "cash_flow_op": -17376000,
    "cash_flow_inv": -34612000,
    "cash_flow_fin": 51555000
  },
  {
    "symbol": "DCI",
    "end_date": "2015-07-31",
    "amend": "False",
    "period_focus": "FY",
    "fiscal_year": 2015,
    "doc_type": "10-K",
    "revenues": 9000000,
    "op_income": 288310000,
    "net_income": 208111000,
    "eps_basic": 1.51,
    "eps_diluted": 1.49,
    "dividend": 0,
    "assets": 1809534000,
    "cur_assets": 1030716000,
    "cur_liab": 560647000,
    "cash": 189898000,
    "equity": 778651000,
    "cash_flow_op": 212843000,
    "cash_flow_inv": -111728000,
    "cash_flow_fin": -179034000
  },
  {
    "symbol": "DW",
    "end_date": "2015-09-30",
    "amend": "False",
    "period_focus": "Q3",
    "fiscal_year": 2015,
    "doc_type": "10-Q",
    "revenues": 345296000,
    "op_income": 27171000,
    "net_income": 17263000,
    "eps_basic": 0.71,
    "eps_diluted": 0.7,
    "dividend": 0,
    "assets": 669389000,
    "cur_assets": 306218000,
    "cur_liab": 128656000,
    "cash": 7252000,
    "equity": 417631000,
    "cash_flow_op": 44751000,
    "cash_flow_inv": -60997000,
    "cash_flow_fin": 23494000
  },
  {
    "symbol": "ETRM",
    "end_date": "2015-09-30",
    "amend": "False",
    "period_focus": "Q3",
    "fiscal_year": 2015,
    "doc_type": "10-Q",
    "revenues": 64000,
    "op_income": -6010376,
    "net_income": -4150670,
    "eps_basic": -0.04,
    "eps_diluted": -0.04,
    "dividend": 0,
    "assets": 15010113,
    "cur_assets": 13894700,
    "cur_liab": 3680342,
    "cash": 12260989,
    "equity": 7742282,
    "cash_flow_op": -17241133,
    "cash_flow_inv": -37263,
    "cash_flow_fin": 17920218
  },
  {
    "symbol": "EXXI",
    "end_date": "2015-09-30",
    "amend": "False",
    "period_focus": "Q1",
    "fiscal_year": 2016,
    "doc_type": "10-Q",
    "revenues": 257823000,
    "op_income": -918200000,
    "net_income": -576246000,
    "eps_basic": -6.08,
    "eps_diluted": -6.08,
    "dividend": 0,
    "assets": 3558629000,
    "cur_assets": 732112000,
    "cur_liab": 345015000,
    "cash": 491461000,
    "equity": -1304273000,
    "cash_flow_op": -69233000,
    "cash_flow_inv": -66020000,
    "cash_flow_fin": -130134000
  },
  {
    "symbol": "ESGR",
    "end_date": "2015-09-30",
    "amend": "False",
    "period_focus": "Q3",
    "fiscal_year": 2015,
    "doc_type": "10-Q",
    "revenues": 268067000,
    "op_income": "",
    "net_income": 49042000,
    "eps_basic": 2.55,
    "eps_diluted": 2.53,
    "dividend": 0,
    "assets": 12053610000,
    "cur_assets": "",
    "cur_liab": "",
    "cash": 1026052000,
    "equity": 2458643000,
    "cash_flow_op": -537451000,
    "cash_flow_inv": 352034000,
    "cash_flow_fin": 258347000
  },
  {
    "symbol": "EPZM",
    "end_date": "2015-09-30",
    "amend": "False",
    "period_focus": "Q3",
    "fiscal_year": 2015,
    "doc_type": "10-Q",
    "revenues": 29364000,
    "op_income": -23106000,
    "net_income": -23065000,
    "eps_basic": -0.56,
    "eps_diluted": -0.56,
    "dividend": 0,
    "assets": 237698000,
    "cur_assets": 232619000,
    "cur_liab": 17501000,
    "cash": 229938000,
    "equity": 189554000,
    "cash_flow_op": -51316000,
    "cash_flow_inv": -40188000,
    "cash_flow_fin": 131347000
  },
  {
    "symbol": "EVEP",
    "end_date": "2015-09-30",
    "amend": "False",
    "period_focus": "Q3",
    "fiscal_year": 2015,
    "doc_type": "10-Q",
    "revenues": 38321000,
    "op_income": -36104000,
    "net_income": -9838000,
    "eps_basic": -0.2,
    "eps_diluted": -0.2,
    "dividend": 0,
    "assets": 1738228000,
    "cur_assets": 136882000,
    "cur_liab": 47332000,
    "cash": 39861000,
    "equity": "",
    "cash_flow_op": 118825000,
    "cash_flow_inv": 522828000,
    "cash_flow_fin": -610047000
  },
  {
    "symbol": "EVOL",
    "end_date": "2015-09-30",
    "amend": "False",
    "period_focus": "Q3",
    "fiscal_year": 2015,
    "doc_type": "10-Q",
    "revenues": 5773000,
    "op_income": 954000,
    "net_income": 570000,
    "eps_basic": 0.05,
    "eps_diluted": 0.05,
    "dividend": 0.11,
    "assets": 53575000,
    "cur_assets": 24248000,
    "cur_liab": 10518000,
    "cash": 9410000,
    "equity": 31811000,
    "cash_flow_op": 2899000,
    "cash_flow_inv": -9205000,
    "cash_flow_fin": 6225000
  },
  {
    "symbol": "EXEL",
    "end_date": "2015-10-02",
    "amend": "False",
    "period_focus": "Q3",
    "fiscal_year": 2015,
    "doc_type": "10-Q",
    "revenues": 9854000,
    "op_income": -35781000,
    "net_income": -47564000,
    "eps_basic": -0.22,
    "eps_diluted": -0.22,
    "dividend": 0,
    "assets": 363241000,
    "cur_assets": 207351000,
    "cur_liab": 55922000,
    "cash": 145642000,
    "equity": -74228000,
    "cash_flow_op": -106152000,
    "cash_flow_inv": 26068000,
    "cash_flow_fin": 145331000
  },
  {
    "symbol": "EMC",
    "end_date": "2015-09-30",
    "amend": "False",
    "period_focus": "Q3",
    "fiscal_year": 2015,
    "doc_type": "10-Q",
    "revenues": 6079000000,
    "op_income": 690000000,
    "net_income": 480000000,
    "eps_basic": 0.25,
    "eps_diluted": 0.25,
    "dividend": 0.12,
    "assets": 45345000000,
    "cur_assets": 13737000000,
    "cur_liab": 12311000000,
    "cash": 5324000000,
    "equity": 21955000000,
    "cash_flow_op": 3516000000,
    "cash_flow_inv": -3050000000,
    "cash_flow_fin": -1346000000
  },
  {
    "symbol": "IFT",
    "end_date": "2015-09-30",
    "amend": "False",
    "period_focus": "Q3",
    "fiscal_year": 2015,
    "doc_type": "10-Q",
    "revenues": 2769000,
    "op_income": "",
    "net_income": -13604000,
    "eps_basic": -0.48,
    "eps_diluted": -0.48,
    "dividend": 0,
    "assets": 515815000,
    "cur_assets": "",
    "cur_liab": "",
    "cash": 31260000,
    "equity": 236401000,
    "cash_flow_op": -37401000,
    "cash_flow_inv": -29675000,
    "cash_flow_fin": 52576000
  },
  {
    "symbol": "EZPW",
    "end_date": "2014-09-30",
    "amend": "True",
    "period_focus": "FY",
    "fiscal_year": 2014,
    "doc_type": "10-K",
    "revenues": 957646000,
    "op_income": 54756000,
    "net_income": -64699000,
    "eps_basic": -1.2,
    "eps_diluted": -1.19,
    "dividend": 0,
    "assets": 1410544000,
    "cur_assets": 634863000,
    "cur_liab": 148214000,
    "cash": 55325000,
    "equity": 832304000,
    "cash_flow_op": 74701000,
    "cash_flow_inv": -80060000,
    "cash_flow_fin": 32515000
  },
  {
    "symbol": "EZPW",
    "end_date": "2014-12-31",
    "amend": "True",
    "period_focus": "Q1",
    "fiscal_year": 2015,
    "doc_type": "10-Q",
    "revenues": 252818000,
    "op_income": 22280000,
    "net_income": 11612000,
    "eps_basic": 0.22,
    "eps_diluted": 0.22,
    "dividend": 0,
    "assets": 1404451000,
    "cur_assets": 630663000,
    "cur_liab": 167640000,
    "cash": 77599000,
    "equity": 822661000,
    "cash_flow_op": 5682000,
    "cash_flow_inv": -8185000,
    "cash_flow_fin": 27232000
  },
  {
    "symbol": "EZPW",
    "end_date": "2015-03-31",
    "amend": "False",
    "period_focus": "Q2",
    "fiscal_year": 2015,
    "doc_type": "10-Q",
    "revenues": 241357000,
    "op_income": 20847000,
    "net_income": 1343000,
    "eps_basic": 0.03,
    "eps_diluted": 0.03,
    "dividend": 0,
    "assets": 1389067000,
    "cur_assets": 632701000,
    "cur_liab": 177989000,
    "cash": 138173000,
    "equity": 818489000,
    "cash_flow_op": 37986000,
    "cash_flow_inv": 23935000,
    "cash_flow_fin": 25300000
  },
  {
    "symbol": "FARM",
    "end_date": "2015-09-30",
    "amend": "False",
    "period_focus": "Q1",
    "fiscal_year": 2016,
    "doc_type": "10-Q",
    "revenues": 133445000,
    "op_income": -563000,
    "net_income": -1074000,
    "eps_basic": -0.07,
    "eps_diluted": -0.07,
    "dividend": 0,
    "assets": 256350000,
    "cur_assets": 151075000,
    "cur_liab": 76962000,
    "cash": 22765000,
    "equity": 90836000,
    "cash_flow_op": 11408000,
    "cash_flow_inv": -3243000,
    "cash_flow_fin": -560000
  },
  {
    "symbol": "EZPW",
    "end_date": "2015-06-30",
    "amend": "False",
    "period_focus": "Q3",
    "fiscal_year": 2015,
    "doc_type": "10-Q",
    "revenues": 212990000,
    "op_income": 4692000,
    "net_income": -9847000,
    "eps_basic": -0.17,
    "eps_diluted": -0.17,
    "dividend": 0,
    "assets": 1343258000,
    "cur_assets": 608329000,
    "cur_liab": 168849000,
    "cash": 114387000,
    "equity": 797862000,
    "cash_flow_op": 50508000,
    "cash_flow_inv": -14143000,
    "cash_flow_fin": 28388000
  },
  {
    "symbol": "FBRC",
    "end_date": "2015-09-30",
    "amend": "False",
    "period_focus": "Q3",
    "fiscal_year": 2015,
    "doc_type": "10-Q",
    "revenues": 35291000,
    "op_income": "",
    "net_income": -3428000,
    "eps_basic": -0.43,
    "eps_diluted": -0.43,
    "dividend": 0,
    "assets": 1105921000,
    "cur_assets": "",
    "cur_liab": "",
    "cash": 64196000,
    "equity": 222966000,
    "cash_flow_op": -10556000,
    "cash_flow_inv": 5973000,
    "cash_flow_fin": -40183000
  },
  {
    "symbol": "FNHC",
    "end_date": "2015-09-30",
    "amend": "False",
    "period_focus": "Q3",
    "fiscal_year": 2015,
    "doc_type": "10-Q",
    "revenues": 72599000,
    "op_income": "",
    "net_income": 10593000,
    "eps_basic": 0.77,
    "eps_diluted": 0.76,
    "dividend": 0.05,
    "assets": 634307000,
    "cur_assets": "",
    "cur_liab": "",
    "cash": 76161000,
    "equity": 223367000,
    "cash_flow_op": 80214000,
    "cash_flow_inv": -61860000,
    "cash_flow_fin": 17650000
  },
  {
    "symbol": "FMNB",
    "end_date": "2015-09-30",
    "amend": "False",
    "period_focus": "Q3",
    "fiscal_year": 2015,
    "doc_type": "10-Q",
    "revenues": 20279000,
    "op_income": "",
    "net_income": 1857000,
    "eps_basic": 0.07,
    "eps_diluted": 0.07,
    "dividend": 0,
    "assets": 1707797000,
    "cur_assets": "",
    "cur_liab": "",
    "cash": 34344000,
    "equity": 186151000,
    "cash_flow_op": 7323000,
    "cash_flow_inv": -16085000,
    "cash_flow_fin": 15678000
  },
  {
    "symbol": "FNJN",
    "end_date": "2015-09-30",
    "amend": "False",
    "period_focus": "Q3",
    "fiscal_year": 2015,
    "doc_type": "10-Q",
    "revenues": 0,
    "op_income": -4696000,
    "net_income": -4700000,
    "eps_basic": -0.21,
    "eps_diluted": -0.21,
    "dividend": 0,
    "assets": 9938000,
    "cur_assets": 7397000,
    "cur_liab": 2601000,
    "cash": 7156000,
    "equity": 7272000,
    "cash_flow_op": -10460000,
    "cash_flow_inv": 62000,
    "cash_flow_fin": 49000
  },
  {
    "symbol": "FBP",
    "end_date": "2015-09-30",
    "amend": "False",
    "period_focus": "Q3",
    "fiscal_year": 2015,
    "doc_type": "10-Q",
    "revenues": 35636000,
    "op_income": "",
    "net_income": 6868000,
    "eps_basic": 0.35,
    "eps_diluted": 0.34,
    "dividend": 0.08,
    "assets": 3272841000,
    "cur_assets": "",
    "cur_liab": "",
    "cash": 218789000,
    "equity": 371174000,
    "cash_flow_op": 31589000,
    "cash_flow_inv": -100385000,
    "cash_flow_fin": 34501000
  },
  {
    "symbol": "ENV",
    "end_date": "2015-09-30",
    "amend": "False",
    "period_focus": "Q3",
    "fiscal_year": 2015,
    "doc_type": "10-Q",
    "revenues": 103367000,
    "op_income": 8328000,
    "net_income": 3302000,
    "eps_basic": 0.09,
    "eps_diluted": 0.09,
    "dividend": 0,
    "assets": 497657000,
    "cur_assets": 259164000,
    "cur_liab": 69837000,
    "cash": 208348000,
    "equity": 247975000,
    "cash_flow_op": 25831000,
    "cash_flow_inv": -39566000,
    "cash_flow_fin": 12329000
  },
  {
    "symbol": "EQY",
    "end_date": "2015-09-30",
    "amend": "False",
    "period_focus": "Q3",
    "fiscal_year": 2015,
    "doc_type": "10-Q",
    "revenues": 90439000,
    "op_income": 31436000,
    "net_income": 16961000,
    "eps_basic": 0.13,
    "eps_diluted": 0.13,
    "dividend": 0.22,
    "assets": 3308728000,
    "cur_assets": "",
    "cur_liab": "",
    "cash": 17784000,
    "equity": 1780638000,
    "cash_flow_op": 130012000,
    "cash_flow_inv": -92654000,
    "cash_flow_fin": -47043000
  },
  {
    "symbol": "FIBK",
    "end_date": "2015-09-30",
    "amend": "False",
    "period_focus": "Q3",
    "fiscal_year": 2015,
    "doc_type": "10-Q",
    "revenues": 101262000,
    "op_income": "",
    "net_income": 20162000,
    "eps_basic": 0.45,
    "eps_diluted": 0.44,
    "dividend": 0,
    "assets": 8604530000,
    "cur_assets": "",
    "cur_liab": "",
    "cash": 708295000,
    "equity": 938575000,
    "cash_flow_op": 61939000,
    "cash_flow_inv": -10370000,
    "cash_flow_fin": -141944000
  },
  {
    "symbol": "FMBH",
    "end_date": "2015-09-30",
    "amend": "False",
    "period_focus": "Q3",
    "fiscal_year": 2015,
    "doc_type": "10-Q",
    "revenues": 19952000,
    "op_income": "",
    "net_income": 3113000,
    "eps_basic": 0.37,
    "eps_diluted": 0.37,
    "dividend": 0,
    "assets": 2092028000,
    "cur_assets": "",
    "cur_liab": "",
    "cash": 215463000,
    "equity": 203809000,
    "cash_flow_op": 12280000,
    "cash_flow_inv": 137893000,
    "cash_flow_fin": 13560000
  },
  {
    "symbol": "FNBC",
    "end_date": "2015-09-30",
    "amend": "False",
    "period_focus": "Q3",
    "fiscal_year": 2015,
    "doc_type": "10-Q",
    "revenues": 42918000,
    "op_income": "",
    "net_income": 18106000,
    "eps_basic": 0.97,
    "eps_diluted": 0.94,
    "dividend": 0,
    "assets": 4345467000,
    "cur_assets": "",
    "cur_liab": "",
    "cash": 33759000,
    "equity": 486613000,
    "cash_flow_op": 24957000,
    "cash_flow_inv": -322784000,
    "cash_flow_fin": 460224000
  },
  {
    "symbol": "FSLR",
    "end_date": "2015-09-30",
    "amend": "False",
    "period_focus": "Q3",
    "fiscal_year": 2015,
    "doc_type": "10-Q",
    "revenues": 1271245000,
    "op_income": 397821000,
    "net_income": 349318000,
    "eps_basic": 3.46,
    "eps_diluted": 3.41,
    "dividend": 0,
    "assets": 7060642000,
    "cur_assets": 3251329000,
    "cur_liab": 896287000,
    "cash": 1189703000,
    "equity": 5388728000,
    "cash_flow_op": -414016000,
    "cash_flow_inv": -2405000,
    "cash_flow_fin": 142495000
  },
  {
    "symbol": "RE",
    "end_date": "2015-09-30",
    "amend": "False",
    "period_focus": "Q3",
    "fiscal_year": 2015,
    "doc_type": "10-Q",
    "revenues": 1375165000,
    "op_income": "",
    "net_income": 46364000,
    "eps_basic": 2.02,
    "eps_diluted": 2,
    "dividend": 0.95,
    "assets": 21682311000,
    "cur_assets": "",
    "cur_liab": "",
    "cash": 401226000,
    "equity": 7486320000,
    "cash_flow_op": 987544000,
    "cash_flow_inv": -784410000,
    "cash_flow_fin": -211375000
  },
  {
    "symbol": "EVRI",
    "end_date": "2015-09-30",
    "amend": "False",
    "period_focus": "Q3",
    "fiscal_year": 2015,
    "doc_type": "10-Q",
    "revenues": 208746000,
    "op_income": 14716000,
    "net_income": -6110000,
    "eps_basic": -0.09,
    "eps_diluted": -0.09,
    "dividend": 0,
    "assets": 1650846000,
    "cur_assets": 244322000,
    "cur_liab": 223181000,
    "cash": 111473000,
    "equity": 222323000,
    "cash_flow_op": 103363000,
    "cash_flow_inv": -58063000,
    "cash_flow_fin": -21867000
  },
  {
    "symbol": "FICO",
    "end_date": "2015-09-30",
    "amend": "False",
    "period_focus": "FY",
    "fiscal_year": 2015,
    "doc_type": "10-K",
    "revenues": 838781000,
    "op_income": 137505000,
    "net_income": 86502000,
    "eps_basic": 2.75,
    "eps_diluted": 2.65,
    "dividend": 0,
    "assets": 1230163000,
    "cur_assets": 286602000,
    "cur_liab": 243875000,
    "cash": 86120000,
    "equity": 436998000,
    "cash_flow_op": 132977000,
    "cash_flow_inv": -81916000,
    "cash_flow_fin": -58635000
  },
  {
    "symbol": "AGM",
    "end_date": "2015-09-30",
    "amend": "False",
    "period_focus": "Q3",
    "fiscal_year": 2015,
    "doc_type": "10-Q",
    "revenues": 61937000,
    "op_income": "",
    "net_income": 8359000,
    "eps_basic": 0.76,
    "eps_diluted": 0.74,
    "dividend": 0.16,
    "assets": 14853845000,
    "cur_assets": "",
    "cur_liab": "",
    "cash": 1516536000,
    "equity": 540546000,
    "cash_flow_op": 165417000,
    "cash_flow_inv": -367899000,
    "cash_flow_fin": 355631000
  },
  {
    "symbol": "FCB",
    "end_date": "2015-09-30",
    "amend": "False",
    "period_focus": "Q3",
    "fiscal_year": 2015,
    "doc_type": "10-Q",
    "revenues": 72095000,
    "op_income": "",
    "net_income": 21140000,
    "eps_basic": 0.51,
    "eps_diluted": 0.48,
    "dividend": 0,
    "assets": 6888689000,
    "cur_assets": "",
    "cur_liab": "",
    "cash": 38045000,
    "equity": 855878000,
    "cash_flow_op": 40191000,
    "cash_flow_inv": -969599000,
    "cash_flow_fin": 907082000
  },
  {
    "symbol": "FUNC",
    "end_date": "2015-09-30",
    "amend": "False",
    "period_focus": "Q3",
    "fiscal_year": 2015,
    "doc_type": "10-Q",
    "revenues": 15003000,
    "op_income": "",
    "net_income": 1273000,
    "eps_basic": 0.2,
    "eps_diluted": 0.2,
    "dividend": 0,
    "assets": 1320315000,
    "cur_assets": "",
    "cur_liab": "",
    "cash": 61406000,
    "equity": 114592000,
    "cash_flow_op": 9087000,
    "cash_flow_inv": 43649000,
    "cash_flow_fin": -23398000
  },
  {
    "symbol": "FLXN",
    "end_date": "2015-09-30",
    "amend": "False",
    "period_focus": "Q3",
    "fiscal_year": 2015,
    "doc_type": "10-Q",
    "revenues": 0,
    "op_income": -11025625,
    "net_income": -11136412,
    "eps_basic": -0.52,
    "eps_diluted": -0.52,
    "dividend": 0,
    "assets": 137248068,
    "cur_assets": 133014679,
    "cur_liab": 6585917,
    "cash": 73507121,
    "equity": 115706291,
    "cash_flow_op": -27963291,
    "cash_flow_inv": -13152242,
    "cash_flow_fin": 11525132
  },
  {
    "symbol": "FONR",
    "end_date": "2015-09-30",
    "amend": "False",
    "period_focus": "Q1",
    "fiscal_year": 2016,
    "doc_type": "10-Q",
    "revenues": 17611000,
    "op_income": "",
    "net_income": 2862000,
    "eps_basic": 0.47,
    "eps_diluted": 0.55,
    "dividend": 0,
    "assets": 79027000,
    "cur_assets": 46933000,
    "cur_liab": 19715000,
    "cash": 10973000,
    "equity": "",
    "cash_flow_op": 3464000,
    "cash_flow_inv": -64000,
    "cash_flow_fin": -1876000
  },
  {
    "symbol": "FLDM",
    "end_date": "2015-09-30",
    "amend": "False",
    "period_focus": "Q3",
    "fiscal_year": 2015,
    "doc_type": "10-Q",
    "revenues": 28643000,
    "op_income": -7803000,
    "net_income": -9269000,
    "eps_basic": -0.32,
    "eps_diluted": -0.32,
    "dividend": 0,
    "assets": 378487000,
    "cur_assets": 145450000,
    "cur_liab": 27481000,
    "cash": 28817000,
    "equity": 124126000,
    "cash_flow_op": -30329000,
    "cash_flow_inv": 20900000,
    "cash_flow_fin": 5272000
  },
  {
    "symbol": "FLIR",
    "end_date": "2015-09-30",
    "amend": "False",
    "period_focus": "Q3",
    "fiscal_year": 2015,
    "doc_type": "10-Q",
    "revenues": 381928000,
    "op_income": 75982000,
    "net_income": 73072000,
    "eps_basic": 0.52,
    "eps_diluted": 0.52,
    "dividend": 0,
    "assets": 2354803000,
    "cur_assets": 1346200000,
    "cur_liab": 313883000,
    "cash": 525376000,
    "equity": 1624858000,
    "cash_flow_op": 197479000,
    "cash_flow_inv": -50116000,
    "cash_flow_fin": -125430000
  },
  {
    "symbol": "FFIC",
    "end_date": "2015-09-30",
    "amend": "False",
    "period_focus": "Q3",
    "fiscal_year": 2015,
    "doc_type": "10-Q",
    "revenues": 53610000,
    "op_income": "",
    "net_income": 11008000,
    "eps_basic": 0.38,
    "eps_diluted": 0.38,
    "dividend": 0.16,
    "assets": 5502075000,
    "cur_assets": "",
    "cur_liab": "",
    "cash": 34474000,
    "equity": 471190000,
    "cash_flow_op": 34452000,
    "cash_flow_inv": -403285000,
    "cash_flow_fin": 369042000
  },
  {
    "symbol": "FBIO",
    "end_date": "2015-09-30",
    "amend": "False",
    "period_focus": "Q3",
    "fiscal_year": 2015,
    "doc_type": "10-Q",
    "revenues": 25000,
    "op_income": -18072000,
    "net_income": -18161000,
    "eps_basic": -0.46,
    "eps_diluted": -0.46,
    "dividend": 0,
    "assets": 86864000,
    "cur_assets": 66610000,
    "cur_liab": 8450000,
    "cash": 25563000,
    "equity": 54921000,
    "cash_flow_op": -23239000,
    "cash_flow_inv": -21412000,
    "cash_flow_fin": 20455000
  },
  {
    "symbol": "FBP",
    "end_date": "2015-09-30",
    "amend": "False",
    "period_focus": "Q3",
    "fiscal_year": 2015,
    "doc_type": "10-Q",
    "revenues": 3277000,
    "op_income": "",
    "net_income": 14758000,
    "eps_basic": 0.07,
    "eps_diluted": 0.07,
    "dividend": 0,
    "assets": 12820989000,
    "cur_assets": "",
    "cur_liab": "",
    "cash": 742251000,
    "equity": 1700950000,
    "cash_flow_op": 199125000,
    "cash_flow_inv": 461597000,
    "cash_flow_fin": -495093000
  },
  {
    "symbol": "FTNT",
    "end_date": "2015-09-30",
    "amend": "False",
    "period_focus": "Q3",
    "fiscal_year": 2015,
    "doc_type": "10-Q",
    "revenues": 260068000,
    "op_income": -1840000,
    "net_income": 8169000,
    "eps_basic": 0.05,
    "eps_diluted": 0.05,
    "dividend": 0,
    "assets": 1707173000,
    "cur_assets": 1251740000,
    "cur_liab": 603134000,
    "cash": 540712000,
    "equity": 795386000,
    "cash_flow_op": 213989000,
    "cash_flow_inv": 2915000,
    "cash_flow_fin": 40554000
  },
  {
    "symbol": "FAC",
    "end_date": "2015-09-30",
    "amend": "False",
    "period_focus": "Q3",
    "fiscal_year": 2015,
    "doc_type": "10-Q",
    "revenues": 87620000,
    "op_income": "",
    "net_income": -3018000,
    "eps_basic": -0.07,
    "eps_diluted": -0.07,
    "dividend": 0,
    "assets": 403516000,
    "cur_assets": "",
    "cur_liab": "",
    "cash": 107207000,
    "equity": 103770000,
    "cash_flow_op": 24049000,
    "cash_flow_inv": -49316000,
    "cash_flow_fin": 30045000
  },
  {
    "symbol": "FMD",
    "end_date": "2015-09-30",
    "amend": "False",
    "period_focus": "Q1",
    "fiscal_year": 2016,
    "doc_type": "10-Q",
    "revenues": 16527000,
    "op_income": "",
    "net_income": -6115000,
    "eps_basic": -0.53,
    "eps_diluted": -0.53,
    "dividend": 0,
    "assets": 265956000,
    "cur_assets": "",
    "cur_liab": "",
    "cash": 36236000,
    "equity": 96473000,
    "cash_flow_op": -10214000,
    "cash_flow_inv": -304000,
    "cash_flow_fin": -250000
  },
  {
    "symbol": "FCF",
    "end_date": "2015-09-30",
    "amend": "False",
    "period_focus": "Q3",
    "fiscal_year": 2015,
    "doc_type": "10-Q",
    "revenues": 66006000,
    "op_income": "",
    "net_income": 12414000,
    "eps_basic": 0.14,
    "eps_diluted": 0.14,
    "dividend": 0.07,
    "assets": 6384749000,
    "cur_assets": "",
    "cur_liab": "",
    "cash": 69235000,
    "equity": 722768000,
    "cash_flow_op": 52385000,
    "cash_flow_inv": -29599000,
    "cash_flow_fin": -24560000
  },
  {
    "symbol": "FDC",
    "end_date": "2015-09-30",
    "amend": "False",
    "period_focus": "Q3",
    "fiscal_year": 2015,
    "doc_type": "10-Q",
    "revenues": 2920000000,
    "op_income": 402000000,
    "net_income": -126000000,
    "eps_basic": "",
    "eps_diluted": "",
    "dividend": 0,
    "assets": 33440000000,
    "cur_assets": 9662000000,
    "cur_liab": 9236000000,
    "cash": 368000000,
    "equity": 1986000000,
    "cash_flow_op": 687000000,
    "cash_flow_inv": -554000000,
    "cash_flow_fin": -109000000
  },
  {
    "symbol": "OAKS",
    "end_date": "2015-09-30",
    "amend": "False",
    "period_focus": "Q3",
    "fiscal_year": 2015,
    "doc_type": "10-Q",
    "revenues": 21436225,
    "op_income": "",
    "net_income": -2185546,
    "eps_basic": -0.3,
    "eps_diluted": -0.15,
    "dividend": 0.3,
    "assets": 2580602627,
    "cur_assets": "",
    "cur_liab": "",
    "cash": 27482330,
    "equity": 188302866,
    "cash_flow_op": 2841319,
    "cash_flow_inv": 237317035,
    "cash_flow_fin": -244950309
  },
  {
    "symbol": "FLT",
    "end_date": "2015-09-30",
    "amend": "False",
    "period_focus": "Q3",
    "fiscal_year": 2015,
    "doc_type": "10-Q",
    "revenues": 451493000,
    "op_income": 188460000,
    "net_income": 116770000,
    "eps_basic": 1.27,
    "eps_diluted": 1.24,
    "dividend": 0,
    "assets": 8285133000,
    "cur_assets": 2033543000,
    "cur_liab": 2441259000,
    "cash": 422390000,
    "equity": 2962571000,
    "cash_flow_op": 524452000,
    "cash_flow_inv": -46547000,
    "cash_flow_fin": -502264000
  },
  {
    "symbol": "FTEK",
    "end_date": "2015-09-30",
    "amend": "False",
    "period_focus": "Q3",
    "fiscal_year": 2015,
    "doc_type": "10-Q",
    "revenues": 21677000,
    "op_income": -795000,
    "net_income": -289000,
    "eps_basic": -0.01,
    "eps_diluted": -0.01,
    "dividend": 0,
    "assets": 82933000,
    "cur_assets": 53661000,
    "cur_liab": 14456000,
    "cash": 14398000,
    "equity": 67950000,
    "cash_flow_op": -1074000,
    "cash_flow_inv": -497000,
    "cash_flow_fin": -1875000
  },
  {
    "symbol": "GALT",
    "end_date": "2015-09-30",
    "amend": "False",
    "period_focus": "Q3",
    "fiscal_year": 2015,
    "doc_type": "10-Q",
    "revenues": "",
    "op_income": -5899000,
    "net_income": -6152000,
    "eps_basic": -0.26,
    "eps_diluted": -0.26,
    "dividend": 0,
    "assets": 21512000,
    "cur_assets": 21502000,
    "cur_liab": "",
    "cash": 21319000,
    "equity": 12835000,
    "cash_flow_op": -12382000,
    "cash_flow_inv": "",
    "cash_flow_fin": 4573000
  },
  {
    "symbol": "GALE",
    "end_date": "2015-09-30",
    "amend": "False",
    "period_focus": "Q2",
    "fiscal_year": 2015,
    "doc_type": "10-Q",
    "revenues": 2166000,
    "op_income": -8635000,
    "net_income": -18026000,
    "eps_basic": -110,
    "eps_diluted": -0.04,
    "dividend": 0,
    "assets": 82669000,
    "cur_assets": 54188000,
    "cur_liab": 37091000,
    "cash": 34812000,
    "equity": 32417000,
    "cash_flow_op": -32876000,
    "cash_flow_inv": -816000,
    "cash_flow_fin": 44854000
  },
  {
    "symbol": "GLPI",
    "end_date": "2015-03-31",
    "amend": "True",
    "period_focus": "Q1",
    "fiscal_year": 2015,
    "doc_type": "10-Q",
    "revenues": 148705000,
    "op_income": 64800000,
    "net_income": 32980000,
    "eps_basic": 0.29,
    "eps_diluted": 0.28,
    "dividend": 0.55,
    "assets": 2552477000,
    "cur_assets": "",
    "cur_liab": "",
    "cash": 45367000,
    "equity": -191050000,
    "cash_flow_op": 100759000,
    "cash_flow_inv": -6084000,
    "cash_flow_fin": -85281000
  },
  {
    "symbol": "GLPI",
    "end_date": "2015-06-30",
    "amend": "True",
    "period_focus": "Q2",
    "fiscal_year": 2015,
    "doc_type": "10-Q",
    "revenues": 149867000,
    "op_income": 62871000,
    "net_income": 31858000,
    "eps_basic": 0.28,
    "eps_diluted": 0.27,
    "dividend": 0.545,
    "assets": 2515974000,
    "cur_assets": "",
    "cur_liab": "",
    "cash": 31059000,
    "equity": -215313000,
    "cash_flow_op": 162069000,
    "cash_flow_inv": -11341000,
    "cash_flow_fin": -155642000
  },
  {
    "symbol": "GLPI",
    "end_date": "2015-09-30",
    "amend": "False",
    "period_focus": "Q3",
    "fiscal_year": 2015,
    "doc_type": "10-Q",
    "revenues": 147792000,
    "op_income": 65291000,
    "net_income": 33094000,
    "eps_basic": 0.29,
    "eps_diluted": 0.28,
    "dividend": 0.545,
    "assets": 2516115000,
    "cur_assets": "",
    "cur_liab": "",
    "cash": 42740000,
    "equity": -236586000,
    "cash_flow_op": 266825000,
    "cash_flow_inv": -14077000,
    "cash_flow_fin": -245981000
  },
  {
    "symbol": "GLPI",
    "end_date": "2014-12-31",
    "amend": "True",
    "period_focus": "FY",
    "fiscal_year": 2014,
    "doc_type": "10-K",
    "revenues": 591068000,
    "op_income": 258506000,
    "net_income": 138229000,
    "eps_basic": 1.23,
    "eps_diluted": 1.18,
    "dividend": 2.48,
    "assets": 2564580000,
    "cur_assets": "",
    "cur_liab": "",
    "cash": 35973000,
    "equity": -176290000,
    "cash_flow_op": 273259000,
    "cash_flow_inv": -317319000,
    "cash_flow_fin": -205188000
  },
  {
    "symbol": "GFN",
    "end_date": "2015-09-30",
    "amend": "False",
    "period_focus": "Q1",
    "fiscal_year": 2016,
    "doc_type": "10-Q",
    "revenues": 63786000,
    "op_income": 3999000,
    "net_income": -2020000,
    "eps_basic": -0.08,
    "eps_diluted": -0.08,
    "dividend": 0,
    "assets": 682130000,
    "cur_assets": "",
    "cur_liab": "",
    "cash": 8717000,
    "equity": 220986000,
    "cash_flow_op": 14102000,
    "cash_flow_inv": -9311000,
    "cash_flow_fin": 1317000
  },
  {
    "symbol": "FF",
    "end_date": "2015-09-30",
    "amend": "False",
    "period_focus": "Q3",
    "fiscal_year": 2015,
    "doc_type": "10-Q",
    "revenues": 79375000,
    "op_income": 5933000,
    "net_income": 4850000,
    "eps_basic": 0.11,
    "eps_diluted": 0.11,
    "dividend": 0,
    "assets": 445771000,
    "cur_assets": 315140000,
    "cur_liab": 32847000,
    "cash": 176547000,
    "equity": 365688000,
    "cash_flow_op": 59922000,
    "cash_flow_inv": 1628000,
    "cash_flow_fin": -9082000
  },
  {
    "symbol": "GCAP",
    "end_date": "2015-09-30",
    "amend": "False",
    "period_focus": "Q3",
    "fiscal_year": 2015,
    "doc_type": "10-Q",
    "revenues": 127931000,
    "op_income": 11785000,
    "net_income": 8304000,
    "eps_basic": 0.2,
    "eps_diluted": 0.2,
    "dividend": 0,
    "assets": 1516203000,
    "cur_assets": "",
    "cur_liab": "",
    "cash": 186688000,
    "equity": 331881000,
    "cash_flow_op": 75475000,
    "cash_flow_inv": -9547000,
    "cash_flow_fin": -20106000
  },
  {
    "symbol": "BGC",
    "end_date": "2015-10-02",
    "amend": "False",
    "period_focus": "Q3",
    "fiscal_year": 2015,
    "doc_type": "10-Q",
    "revenues": 1027300000,
    "op_income": 17100000,
    "net_income": -29000000,
    "eps_basic": -0.59,
    "eps_diluted": -0.59,
    "dividend": 0.18,
    "assets": 2722700000,
    "cur_assets": 1953500000,
    "cur_liab": 1071800000,
    "cash": 109700000,
    "equity": 316000000,
    "cash_flow_op": 125100000,
    "cash_flow_inv": 24000000,
    "cash_flow_fin": -203400000
  },
  {
    "symbol": "GNVC",
    "end_date": "2015-09-30",
    "amend": "False",
    "period_focus": "Q3",
    "fiscal_year": 2015,
    "doc_type": "10-Q",
    "revenues": 193000,
    "op_income": -1511000,
    "net_income": -1505000,
    "eps_basic": 0.09,
    "eps_diluted": 0.09,
    "dividend": 0,
    "assets": 10852000,
    "cur_assets": 10507000,
    "cur_liab": 1693000,
    "cash": 6579000,
    "equity": 9068000,
    "cash_flow_op": -4717000,
    "cash_flow_inv": 3348000,
    "cash_flow_fin": -20000
  },
  {
    "symbol": "GHDX",
    "end_date": "2015-09-30",
    "amend": "False",
    "period_focus": "Q3",
    "fiscal_year": 2015,
    "doc_type": "10-Q",
    "revenues": 73554000,
    "op_income": -5438000,
    "net_income": -11843000,
    "eps_basic": -0.36,
    "eps_diluted": -0.36,
    "dividend": 0,
    "assets": 178343000,
    "cur_assets": 142005000,
    "cur_liab": 43520000,
    "cash": 28010000,
    "equity": 132529000,
    "cash_flow_op": -9645000,
    "cash_flow_inv": 3886000,
    "cash_flow_fin": 4043000
  },
  {
    "symbol": "GABC",
    "end_date": "2015-09-30",
    "amend": "False",
    "period_focus": "Q3",
    "fiscal_year": 2015,
    "doc_type": "10-Q",
    "revenues": 28176000,
    "op_income": "",
    "net_income": 7721000,
    "eps_basic": 0.58,
    "eps_diluted": 0.58,
    "dividend": 0.17,
    "assets": 2313210000,
    "cur_assets": "",
    "cur_liab": "",
    "cash": 62138000,
    "equity": 247352000,
    "cash_flow_op": 29153000,
    "cash_flow_inv": -60187000,
    "cash_flow_fin": 50726000
  },
  {
    "symbol": "GIGA",
    "end_date": "2015-09-26",
    "amend": "False",
    "period_focus": "Q2",
    "fiscal_year": 2016,
    "doc_type": "10-Q",
    "revenues": 3063000,
    "op_income": -1291000,
    "net_income": -1306000,
    "eps_basic": -0.2,
    "eps_diluted": -0.2,
    "dividend": 0,
    "assets": 8263000,
    "cur_assets": 7423000,
    "cur_liab": 6180000,
    "cash": 748000,
    "equity": 1534000,
    "cash_flow_op": -771000,
    "cash_flow_inv": -89000,
    "cash_flow_fin": 438000
  },
  {
    "symbol": "GEVO",
    "end_date": "2015-09-30",
    "amend": "True",
    "period_focus": "Q3",
    "fiscal_year": 2015,
    "doc_type": "10-Q",
    "revenues": 8017000,
    "op_income": -9274000,
    "net_income": -6519000,
    "eps_basic": -0.39,
    "eps_diluted": -0.39,
    "dividend": 0,
    "assets": 100953000,
    "cur_assets": 20658000,
    "cur_liab": 10526000,
    "cash": 16203000,
    "equity": 52918000,
    "cash_flow_op": -21012000,
    "cash_flow_inv": -127000,
    "cash_flow_fin": 30983000
  },
  {
    "symbol": "GBLI",
    "end_date": "2015-09-30",
    "amend": "False",
    "period_focus": "Q3",
    "fiscal_year": 2015,
    "doc_type": "10-Q",
    "revenues": 124060000,
    "op_income": "",
    "net_income": -3746000,
    "eps_basic": -0.15,
    "eps_diluted": -0.15,
    "dividend": 0,
    "assets": 2318619000,
    "cur_assets": "",
    "cur_liab": "",
    "cash": 146686000,
    "equity": 921712000,
    "cash_flow_op": -1206000,
    "cash_flow_inv": -28111000,
    "cash_flow_fin": 117180000
  },
  {
    "symbol": "ENT",
    "end_date": "2015-09-30",
    "amend": "False",
    "period_focus": "Q3",
    "fiscal_year": 2015,
    "doc_type": "10-Q",
    "revenues": 110114000,
    "op_income": -3381000,
    "net_income": -6872000,
    "eps_basic": -0.09,
    "eps_diluted": -0.09,
    "dividend": 0,
    "assets": 648626000,
    "cur_assets": 372393000,
    "cur_liab": 167500000,
    "cash": 218054000,
    "equity": 352161000,
    "cash_flow_op": 12010000,
    "cash_flow_inv": -76696000,
    "cash_flow_fin": 84779000
  },
  {
    "symbol": "GNE",
    "end_date": "2015-09-30",
    "amend": "False",
    "period_focus": "Q3",
    "fiscal_year": 2015,
    "doc_type": "10-Q",
    "revenues": 52238000,
    "op_income": 3839000,
    "net_income": 2475000,
    "eps_basic": 0.11,
    "eps_diluted": 0.1,
    "dividend": 0,
    "assets": 150229000,
    "cur_assets": 121211000,
    "cur_liab": 32640000,
    "cash": 48380000,
    "equity": 116095000,
    "cash_flow_op": 560000,
    "cash_flow_inv": -22346000,
    "cash_flow_fin": -1699000
  },
  {
    "symbol": "GLUU",
    "end_date": "2015-09-30",
    "amend": "False",
    "period_focus": "Q3",
    "fiscal_year": 2015,
    "doc_type": "10-Q",
    "revenues": 63250000,
    "op_income": 389000,
    "net_income": 158000,
    "eps_basic": 0,
    "eps_diluted": 0,
    "dividend": 0,
    "assets": 403439000,
    "cur_assets": 243769000,
    "cur_liab": 67927000,
    "cash": 182349000,
    "equity": 306600000,
    "cash_flow_op": -14104000,
    "cash_flow_inv": -3212000,
    "cash_flow_fin": 128966000
  },
  {
    "symbol": "GNL",
    "end_date": "2015-09-30",
    "amend": "False",
    "period_focus": "Q3",
    "fiscal_year": 2015,
    "doc_type": "10-Q",
    "revenues": 50252000,
    "op_income": 11485000,
    "net_income": 5432000,
    "eps_basic": 0.07,
    "eps_diluted": 0.03,
    "dividend": 0,
    "assets": 2562238000,
    "cur_assets": "",
    "cur_liab": "",
    "cash": 32080000,
    "equity": 1237196000,
    "cash_flow_op": 66401000,
    "cash_flow_inv": -222025000,
    "cash_flow_fin": 116899000
  },
  {
    "symbol": "GPK",
    "end_date": "2015-09-30",
    "amend": "False",
    "period_focus": "Q3",
    "fiscal_year": 2015,
    "doc_type": "10-Q",
    "revenues": 1070000000,
    "op_income": 110000000,
    "net_income": 60200000,
    "eps_basic": 0.18,
    "eps_diluted": 0.18,
    "dividend": 0.05,
    "assets": 4507800000,
    "cur_assets": 1349600000,
    "cur_liab": 692800000,
    "cash": 81500000,
    "equity": 1104300000,
    "cash_flow_op": 351000000,
    "cash_flow_inv": -294100000,
    "cash_flow_fin": -52600000
  },
  {
    "symbol": "GTXI",
    "end_date": "2015-09-30",
    "amend": "False",
    "period_focus": "Q3",
    "fiscal_year": 2015,
    "doc_type": "10-Q",
    "revenues": "",
    "op_income": -5863000,
    "net_income": 34866000,
    "eps_basic": 0.25,
    "eps_diluted": -0.04,
    "dividend": 0,
    "assets": 37778000,
    "cur_assets": 36918000,
    "cur_liab": 33466000,
    "cash": 11797000,
    "equity": 4312000,
    "cash_flow_op": -14831000,
    "cash_flow_inv": 8748000,
    "cash_flow_fin": ""
  },
  {
    "symbol": "GURE",
    "end_date": "2015-09-30",
    "amend": "False",
    "period_focus": "Q3",
    "fiscal_year": 2015,
    "doc_type": "10-Q",
    "revenues": 42601598,
    "op_income": 13903158,
    "net_income": 10679422,
    "eps_basic": 0.23,
    "eps_diluted": 0.23,
    "dividend": 0,
    "assets": 367239885,
    "cur_assets": 202867059,
    "cur_liab": 26298762,
    "cash": 120892138,
    "equity": 338332100,
    "cash_flow_op": 34915819,
    "cash_flow_inv": -55706715,
    "cash_flow_fin": -344396
  },
  {
    "symbol": "GFED",
    "end_date": "2015-09-30",
    "amend": "False",
    "period_focus": "Q3",
    "fiscal_year": 2015,
    "doc_type": "10-Q",
    "revenues": 7392640,
    "op_income": "",
    "net_income": 1418635,
    "eps_basic": 0.33,
    "eps_diluted": 0.32,
    "dividend": 0,
    "assets": 644748180,
    "cur_assets": "",
    "cur_liab": "",
    "cash": 9418464,
    "equity": 65763758,
    "cash_flow_op": 7428284,
    "cash_flow_inv": -21834785,
    "cash_flow_fin": 11331075
  },
  {
    "symbol": "GB",
    "end_date": "2015-10-02",
    "amend": "False",
    "period_focus": "Q3",
    "fiscal_year": 2015,
    "doc_type": "10-Q",
    "revenues": 146637000,
    "op_income": 1195000,
    "net_income": 22000,
    "eps_basic": 0,
    "eps_diluted": 0,
    "dividend": 0,
    "assets": 983622000,
    "cur_assets": 364261000,
    "cur_liab": 117439000,
    "cash": 68594000,
    "equity": 645855000,
    "cash_flow_op": 30985000,
    "cash_flow_inv": -36875000,
    "cash_flow_fin": -1830000
  },
  {
    "symbol": "GDOT",
    "end_date": "2015-09-30",
    "amend": "False",
    "period_focus": "Q3",
    "fiscal_year": 2015,
    "doc_type": "10-Q",
    "revenues": 146360000,
    "op_income": -1706000,
    "net_income": 174000,
    "eps_basic": 0,
    "eps_diluted": 0,
    "dividend": 0,
    "assets": 1521347000,
    "cur_assets": 798564000,
    "cur_liab": 705224000,
    "cash": 607155000,
    "equity": 664272000,
    "cash_flow_op": 113749000,
    "cash_flow_inv": -197815000,
    "cash_flow_fin": -33417000
  },
  {
    "symbol": "GLF",
    "end_date": "2015-09-30",
    "amend": "False",
    "period_focus": "Q3",
    "fiscal_year": 2015,
    "doc_type": "10-Q",
    "revenues": 60668000,
    "op_income": -167081000,
    "net_income": -185226000,
    "eps_basic": -7.48,
    "eps_diluted": -7.48,
    "dividend": 0,
    "assets": 1429615000,
    "cur_assets": 113608000,
    "cur_liab": 42912000,
    "cash": 31172000,
    "equity": 729273000,
    "cash_flow_op": 25289000,
    "cash_flow_inv": -19965000,
    "cash_flow_fin": -22876000
  },
  {
    "symbol": "HALO",
    "end_date": "2015-09-30",
    "amend": "False",
    "period_focus": "Q3",
    "fiscal_year": 2015,
    "doc_type": "10-Q",
    "revenues": 20780000,
    "op_income": -23237000,
    "net_income": -24460000,
    "eps_basic": -0.19,
    "eps_diluted": -0.19,
    "dividend": 0,
    "assets": 158734000,
    "cur_assets": 153090000,
    "cur_liab": 44851000,
    "cash": 71514000,
    "equity": 31799000,
    "cash_flow_op": -21886000,
    "cash_flow_inv": 20644000,
    "cash_flow_fin": 11367000
  },
  {
    "symbol": "HNSN",
    "end_date": "2015-09-30",
    "amend": "False",
    "period_focus": "Q3",
    "fiscal_year": 2015,
    "doc_type": "10-Q",
    "revenues": 3183000,
    "op_income": -8899000,
    "net_income": -10227000,
    "eps_basic": -0.54,
    "eps_diluted": -0.54,
    "dividend": 0,
    "assets": 54705000,
    "cur_assets": 46261000,
    "cur_liab": 6569000,
    "cash": 28882000,
    "equity": 12861000,
    "cash_flow_op": -30028000,
    "cash_flow_inv": -176000,
    "cash_flow_fin": 34601000
  },
  {
    "symbol": "HAFC",
    "end_date": "2015-09-30",
    "amend": "False",
    "period_focus": "Q3",
    "fiscal_year": 2015,
    "doc_type": "10-Q",
    "revenues": 53586000,
    "op_income": "",
    "net_income": 13881000,
    "eps_basic": 0.44,
    "eps_diluted": 0.44,
    "dividend": 0,
    "assets": 4214241000,
    "cur_assets": "",
    "cur_liab": "",
    "cash": 235342000,
    "equity": 485449000,
    "cash_flow_op": 36571000,
    "cash_flow_inv": 86229000,
    "cash_flow_fin": -45778000
  },
  {
    "symbol": "HWTL",
    "end_date": "2015-09-30",
    "amend": "False",
    "period_focus": "Q3",
    "fiscal_year": 2015,
    "doc_type": "10-Q",
    "revenues": 100905000,
    "op_income": 4195000,
    "net_income": 105000,
    "eps_basic": 0.01,
    "eps_diluted": 0.01,
    "dividend": 0,
    "assets": 799600000,
    "cur_assets": 86750000,
    "cur_liab": 86208000,
    "cash": 28845000,
    "equity": 305411000,
    "cash_flow_op": 65595000,
    "cash_flow_inv": -76332000,
    "cash_flow_fin": -303000
  },
  {
    "symbol": "HIIQ",
    "end_date": "2015-09-30",
    "amend": "False",
    "period_focus": "Q3",
    "fiscal_year": 2015,
    "doc_type": "10-Q",
    "revenues": 25799000,
    "op_income": 455000,
    "net_income": 574000,
    "eps_basic": 0.1,
    "eps_diluted": 0.1,
    "dividend": 0,
    "assets": 86252000,
    "cur_assets": 31170000,
    "cur_liab": 13663000,
    "cash": 7929000,
    "equity": 67526000,
    "cash_flow_op": -4937000,
    "cash_flow_inv": -1890000,
    "cash_flow_fin": -1398000
  },
  {
    "symbol": "HTLD",
    "end_date": "2015-09-30",
    "amend": "False",
    "period_focus": "Q3",
    "fiscal_year": 2015,
    "doc_type": "10-Q",
    "revenues": 182533000,
    "op_income": 24861000,
    "net_income": 15113000,
    "eps_basic": 0.17,
    "eps_diluted": 0.17,
    "dividend": 0.02,
    "assets": 767459000,
    "cur_assets": 185167000,
    "cur_liab": 85523000,
    "cash": 64165000,
    "equity": 492647000,
    "cash_flow_op": 142947000,
    "cash_flow_inv": -33608000,
    "cash_flow_fin": -62477000
  },
  {
    "symbol": "HMTV",
    "end_date": "2015-09-30",
    "amend": "False",
    "period_focus": "Q3",
    "fiscal_year": 2015,
    "doc_type": "10-Q",
    "revenues": 31465000,
    "op_income": 7951000,
    "net_income": 2910000,
    "eps_basic": 0.07,
    "eps_diluted": 0.07,
    "dividend": 0,
    "assets": 539044000,
    "cur_assets": 214399000,
    "cur_liab": 33965000,
    "cash": 170399000,
    "equity": 274078000,
    "cash_flow_op": 29222000,
    "cash_flow_inv": -3882000,
    "cash_flow_fin": 3049000
  },
  {
    "symbol": "HSC",
    "end_date": "2015-09-30",
    "amend": "False",
    "period_focus": "Q3",
    "fiscal_year": 2015,
    "doc_type": "10-Q",
    "revenues": 428334000,
    "op_income": 7728000,
    "net_income": -8656000,
    "eps_basic": -0.11,
    "eps_diluted": -0.11,
    "dividend": 0.205,
    "assets": 2114654000,
    "cur_assets": 680715000,
    "cur_liab": 546380000,
    "cash": 57994000,
    "equity": 273293000,
    "cash_flow_op": 89102000,
    "cash_flow_inv": -103226000,
    "cash_flow_fin": 1567000
  },
  {
    "symbol": "HTZ",
    "end_date": "2015-06-30",
    "amend": "True",
    "period_focus": "Q2",
    "fiscal_year": 2015,
    "doc_type": "10-Q",
    "revenues": 2692000000,
    "op_income": "",
    "net_income": 36000000,
    "eps_basic": 0.08,
    "eps_diluted": 0.08,
    "dividend": 0,
    "assets": 26016000000,
    "cur_assets": "",
    "cur_liab": "",
    "cash": 537000000,
    "equity": 2400000000,
    "cash_flow_op": 1451000000,
    "cash_flow_inv": -3156000000,
    "cash_flow_fin": 1769000000
  },
  {
    "symbol": "HTZ",
    "end_date": "2015-09-30",
    "amend": "False",
    "period_focus": "Q3",
    "fiscal_year": 2015,
    "doc_type": "10-Q",
    "revenues": 2976000000,
    "op_income": "",
    "net_income": 237000000,
    "eps_basic": 0.52,
    "eps_diluted": 0.52,
    "dividend": 0,
    "assets": 24569000000,
    "cur_assets": "",
    "cur_liab": "",
    "cash": 509000000,
    "equity": 2338000000,
    "cash_flow_op": 2683000000,
    "cash_flow_inv": -3114000000,
    "cash_flow_fin": 471000000
  },
  {
    "symbol": "HF",
    "end_date": "2015-09-30",
    "amend": "False",
    "period_focus": "Q3",
    "fiscal_year": 2015,
    "doc_type": "10-Q",
    "revenues": 113685000,
    "op_income": 23866000,
    "net_income": 19256000,
    "eps_basic": 0.51,
    "eps_diluted": 0.5,
    "dividend": 0,
    "assets": 454016000,
    "cur_assets": 282711000,
    "cur_liab": 156748000,
    "cash": 178563000,
    "equity": 177924000,
    "cash_flow_op": 20229000,
    "cash_flow_inv": -3631000,
    "cash_flow_fin": -70088000
  },
  {
    "symbol": "HIL",
    "end_date": "2015-03-31",
    "amend": "True",
    "period_focus": "Q1",
    "fiscal_year": 2015,
    "doc_type": "10-Q",
    "revenues": 170268000,
    "op_income": 5606000,
    "net_income": 702000,
    "eps_basic": 0.01,
    "eps_diluted": 0.01,
    "dividend": 0,
    "assets": 423734000,
    "cur_assets": 271801000,
    "cur_liab": 140916000,
    "cash": 25785000,
    "equity": 114661000,
    "cash_flow_op": -8029000,
    "cash_flow_inv": -5234000,
    "cash_flow_fin": 12095000
  },
  {
    "symbol": "HIL",
    "end_date": "2014-12-31",
    "amend": "True",
    "period_focus": "FY",
    "fiscal_year": 2014,
    "doc_type": "10-K",
    "revenues": 641593000,
    "op_income": 33938000,
    "net_income": -6148000,
    "eps_basic": -0.14,
    "eps_diluted": -0.14,
    "dividend": 0,
    "assets": 419609000,
    "cur_assets": 263164000,
    "cur_liab": 141700000,
    "cash": 30124000,
    "equity": 122000000,
    "cash_flow_op": 6305000,
    "cash_flow_inv": -11978000,
    "cash_flow_fin": 9398000
  },
  {
    "symbol": "HIL",
    "end_date": "2015-06-30",
    "amend": "True",
    "period_focus": "Q2",
    "fiscal_year": 2015,
    "doc_type": "10-Q",
    "revenues": 181648000,
    "op_income": 10652000,
    "net_income": 4395000,
    "eps_basic": 0.09,
    "eps_diluted": 0.09,
    "dividend": 0,
    "assets": 476397000,
    "cur_assets": 317900000,
    "cur_liab": 167988000,
    "cash": 31571000,
    "equity": 117858000,
    "cash_flow_op": -7469000,
    "cash_flow_inv": -13443000,
    "cash_flow_fin": 25021000
  },
  {
    "symbol": "HMSY",
    "end_date": "2015-09-30",
    "amend": "False",
    "period_focus": "Q3",
    "fiscal_year": 2015,
    "doc_type": "10-Q",
    "revenues": 118444000,
    "op_income": 13016000,
    "net_income": 6862000,
    "eps_basic": 0.08,
    "eps_diluted": 0.08,
    "dividend": 0,
    "assets": 867971000,
    "cur_assets": 337760000,
    "cur_liab": 82662000,
    "cash": 144804000,
    "equity": 537770000,
    "cash_flow_op": 40453000,
    "cash_flow_inv": -7888000,
    "cash_flow_fin": -20877000
  },
  {
    "symbol": "HBCP",
    "end_date": "2015-09-30",
    "amend": "False",
    "period_focus": "Q3",
    "fiscal_year": 2015,
    "doc_type": "10-Q",
    "revenues": 16622301,
    "op_income": "",
    "net_income": 2899409,
    "eps_basic": 0.43,
    "eps_diluted": 0.41,
    "dividend": 0.08,
    "assets": 1557910482,
    "cur_assets": "",
    "cur_liab": "",
    "cash": 23538879,
    "equity": 162286106,
    "cash_flow_op": 29139514,
    "cash_flow_inv": -62153074,
    "cash_flow_fin": 27474532
  },
  {
    "symbol": "HBNC",
    "end_date": "2015-09-30",
    "amend": "False",
    "period_focus": "Q3",
    "fiscal_year": 2015,
    "doc_type": "10-Q",
    "revenues": 31978000,
    "op_income": "",
    "net_income": 4257000,
    "eps_basic": 0.37,
    "eps_diluted": 0.36,
    "dividend": 0,
    "assets": 2607914000,
    "cur_assets": "",
    "cur_liab": "",
    "cash": 48155000,
    "equity": 264738000,
    "cash_flow_op": 21959000,
    "cash_flow_inv": -70556000,
    "cash_flow_fin": 53276000
  },
  {
    "symbol": "ZINC",
    "end_date": "2015-09-30",
    "amend": "False",
    "period_focus": "Q3",
    "fiscal_year": 2015,
    "doc_type": "10-Q",
    "revenues": 106994000,
    "op_income": -33562000,
    "net_income": -27376000,
    "eps_basic": -0.48,
    "eps_diluted": -0.48,
    "dividend": 0,
    "assets": 1002852000,
    "cur_assets": 169161000,
    "cur_liab": 115289000,
    "cash": 34934000,
    "equity": 458174000,
    "cash_flow_op": -48289000,
    "cash_flow_inv": -26714000,
    "cash_flow_fin": 79223000
  },
  {
    "symbol": "HFBC",
    "end_date": "2015-09-30",
    "amend": "False",
    "period_focus": "Q3",
    "fiscal_year": 2015,
    "doc_type": "10-Q",
    "revenues": 9948000,
    "op_income": "",
    "net_income": 510000,
    "eps_basic": 0.08,
    "eps_diluted": 0.08,
    "dividend": 0.04,
    "assets": 882736000,
    "cur_assets": "",
    "cur_liab": "",
    "cash": 18110000,
    "equity": 88823000,
    "cash_flow_op": 5977000,
    "cash_flow_inv": 34085000,
    "cash_flow_fin": -56744000
  },
  {
    "symbol": "HZN",
    "end_date": "2015-09-30",
    "amend": "False",
    "period_focus": "Q3",
    "fiscal_year": 2015,
    "doc_type": "10-Q",
    "revenues": 153340000,
    "op_income": 8610000,
    "net_income": 6350000,
    "eps_basic": 0.35,
    "eps_diluted": 0.35,
    "dividend": 0,
    "assets": 346820000,
    "cur_assets": 226900000,
    "cur_liab": 127260000,
    "cash": 28130000,
    "equity": 3450000,
    "cash_flow_op": 12790000,
    "cash_flow_inv": -4630000,
    "cash_flow_fin": 15470000
  },
  {
    "symbol": "HHC",
    "end_date": "2015-09-30",
    "amend": "False",
    "period_focus": "Q3",
    "fiscal_year": 2015,
    "doc_type": "10-Q",
    "revenues": 203442000,
    "op_income": 36544000,
    "net_income": 156224000,
    "eps_basic": 3.96,
    "eps_diluted": 0.76,
    "dividend": 0,
    "assets": 5544524000,
    "cur_assets": "",
    "cur_liab": "",
    "cash": 450647000,
    "equity": 2335526000,
    "cash_flow_op": 32644000,
    "cash_flow_inv": -470754000,
    "cash_flow_fin": 328306000
  },
  {
    "symbol": "HPT",
    "end_date": "2015-09-30",
    "amend": "False",
    "period_focus": "Q3",
    "fiscal_year": 2015,
    "doc_type": "10-Q",
    "revenues": 511886000,
    "op_income": 98340000,
    "net_income": 56019000,
    "eps_basic": 0.37,
    "eps_diluted": 0.37,
    "dividend": 0,
    "assets": 6494550000,
    "cur_assets": "",
    "cur_liab": "",
    "cash": 7375000,
    "equity": 2975832000,
    "cash_flow_op": 374906000,
    "cash_flow_inv": -575254000,
    "cash_flow_fin": 195889000
  },
  {
    "symbol": "IMN",
    "end_date": "2015-09-30",
    "amend": "False",
    "period_focus": "Q3",
    "fiscal_year": 2015,
    "doc_type": "10-Q",
    "revenues": 129200000,
    "op_income": -148700000,
    "net_income": -152300000,
    "eps_basic": -3.7,
    "eps_diluted": -3.7,
    "dividend": 0,
    "assets": 267300000,
    "cur_assets": 234500000,
    "cur_liab": 182500000,
    "cash": 94300000,
    "equity": 41200000,
    "cash_flow_op": -14700000,
    "cash_flow_inv": -100000,
    "cash_flow_fin": -2700000
  },
  {
    "symbol": "IHC",
    "end_date": "2015-09-30",
    "amend": "False",
    "period_focus": "Q3",
    "fiscal_year": 2015,
    "doc_type": "10-Q",
    "revenues": 140418000,
    "op_income": 23214000,
    "net_income": 14760000,
    "eps_basic": 0.85,
    "eps_diluted": 0.85,
    "dividend": 0,
    "assets": 1191322000,
    "cur_assets": "",
    "cur_liab": "",
    "cash": 18730000,
    "equity": 321880000,
    "cash_flow_op": -176556000,
    "cash_flow_inv": 178724000,
    "cash_flow_fin": -8521000
  },
  {
    "symbol": "HDSN",
    "end_date": "2015-09-30",
    "amend": "False",
    "period_focus": "Q3",
    "fiscal_year": 2015,
    "doc_type": "10-Q",
    "revenues": 21682000,
    "op_income": 1902000,
    "net_income": 1082000,
    "eps_basic": 0.03,
    "eps_diluted": 0.03,
    "dividend": 0,
    "assets": 81691000,
    "cur_assets": 65499000,
    "cur_liab": 25481000,
    "cash": 1040000,
    "equity": 50331000,
    "cash_flow_op": -5499000,
    "cash_flow_inv": -3078000,
    "cash_flow_fin": 8682000
  },
  {
    "symbol": "IACI",
    "end_date": "2015-09-30",
    "amend": "False",
    "period_focus": "Q3",
    "fiscal_year": 2015,
    "doc_type": "10-Q",
    "revenues": 838561000,
    "op_income": 87130000,
    "net_income": 65611000,
    "eps_basic": 0.79,
    "eps_diluted": 0.74,
    "dividend": 0.34,
    "assets": 4027318000,
    "cur_assets": 1246246000,
    "cur_liab": 653457000,
    "cash": 766448000,
    "equity": 1845191000,
    "cash_flow_op": 184107000,
    "cash_flow_inv": -8667000,
    "cash_flow_fin": -391096000
  },
  {
    "symbol": "IEP",
    "end_date": "2015-09-30",
    "amend": "False",
    "period_focus": "Q3",
    "fiscal_year": 2015,
    "doc_type": "10-Q",
    "revenues": 3212000000,
    "op_income": "",
    "net_income": -440000000,
    "eps_basic": -3.4,
    "eps_diluted": -3.4,
    "dividend": 0,
    "assets": 36452000000,
    "cur_assets": "",
    "cur_liab": "",
    "cash": 2041000000,
    "equity": 12286000000,
    "cash_flow_op": 510000000,
    "cash_flow_inv": -1859000000,
    "cash_flow_fin": 478000000
  },
  {
    "symbol": "IFF",
    "end_date": "2015-09-30",
    "amend": "False",
    "period_focus": "Q3",
    "fiscal_year": 2015,
    "doc_type": "10-Q",
    "revenues": 182000000,
    "op_income": 156713000,
    "net_income": 106447000,
    "eps_basic": 1.32,
    "eps_diluted": 1.31,
    "dividend": 0.56,
    "assets": 3911685000,
    "cur_assets": 1638751000,
    "cur_liab": 687320000,
    "cash": 272276000,
    "equity": 1596149000,
    "cash_flow_op": 294695000,
    "cash_flow_inv": -546067000,
    "cash_flow_fin": 66878000
  },
  {
    "symbol": "XON",
    "end_date": "2015-09-30",
    "amend": "False",
    "period_focus": "Q3",
    "fiscal_year": 2015,
    "doc_type": "10-Q",
    "revenues": 53367000,
    "op_income": -7916000,
    "net_income": -38213000,
    "eps_basic": -0.34,
    "eps_diluted": -0.34,
    "dividend": 0,
    "assets": 989887000,
    "cur_assets": 302431000,
    "cur_liab": 77093000,
    "cash": 125433000,
    "equity": 729623000,
    "cash_flow_op": 23337000,
    "cash_flow_inv": -257318000,
    "cash_flow_fin": 331441000
  },
  {
    "symbol": "NVTA",
    "end_date": "2015-09-30",
    "amend": "False",
    "period_focus": "Q3",
    "fiscal_year": 2015,
    "doc_type": "10-Q",
    "revenues": 2187000,
    "op_income": -22456000,
    "net_income": -22527000,
    "eps_basic": -0.71,
    "eps_diluted": -0.71,
    "dividend": 0,
    "assets": 175672000,
    "cur_assets": 150519000,
    "cur_liab": 8457000,
    "cash": 48999000,
    "equity": 161101000,
    "cash_flow_op": -59889000,
    "cash_flow_inv": -108788000,
    "cash_flow_fin": 110649000
  },
  {
    "symbol": "RXDX",
    "end_date": "2015-09-30",
    "amend": "False",
    "period_focus": "Q3",
    "fiscal_year": 2015,
    "doc_type": "10-Q",
    "revenues": "",
    "op_income": -14288843,
    "net_income": -14620886,
    "eps_basic": -0.49,
    "eps_diluted": -0.49,
    "dividend": 0,
    "assets": 175333824,
    "cur_assets": 143079545,
    "cur_liab": 14681412,
    "cash": 57567420,
    "equity": 132071229,
    "cash_flow_op": -31390424,
    "cash_flow_inv": -39209078,
    "cash_flow_fin": 121821259
  },
  {
    "symbol": "ITG",
    "end_date": "2015-09-30",
    "amend": "False",
    "period_focus": "Q3",
    "fiscal_year": 2015,
    "doc_type": "10-Q",
    "revenues": 120409000,
    "op_income": "",
    "net_income": 2710000,
    "eps_basic": 0.08,
    "eps_diluted": 0.08,
    "dividend": 0.07,
    "assets": 1693817000,
    "cur_assets": "",
    "cur_liab": "",
    "cash": 166605000,
    "equity": 384412000,
    "cash_flow_op": -14633000,
    "cash_flow_inv": -25553000,
    "cash_flow_fin": -60719000
  },
  {
    "symbol": "IPXL",
    "end_date": "2015-09-30",
    "amend": "False",
    "period_focus": "Q3",
    "fiscal_year": 2015,
    "doc_type": "10-Q",
    "revenues": 2437000,
    "op_income": 27559000,
    "net_income": 35755000,
    "eps_basic": 0.51,
    "eps_diluted": 0.49,
    "dividend": 0,
    "assets": 1995876000,
    "cur_assets": 797799000,
    "cur_liab": 235492000,
    "cash": 318402000,
    "equity": 1028665000,
    "cash_flow_op": 35076000,
    "cash_flow_inv": -451997000,
    "cash_flow_fin": 520520000
  },
  {
    "symbol": "III",
    "end_date": "2015-09-30",
    "amend": "False",
    "period_focus": "Q3",
    "fiscal_year": 2015,
    "doc_type": "10-Q",
    "revenues": 51404000,
    "op_income": 3154000,
    "net_income": 1778000,
    "eps_basic": 0.05,
    "eps_diluted": 0.05,
    "dividend": 0,
    "assets": 123560000,
    "cur_assets": 61882000,
    "cur_liab": 24083000,
    "cash": 14281000,
    "equity": 44277000,
    "cash_flow_op": 1479000,
    "cash_flow_inv": -1622000,
    "cash_flow_fin": -12091000
  },
  {
    "symbol": "INO",
    "end_date": "2015-09-30",
    "amend": "False",
    "period_focus": "Q3",
    "fiscal_year": 2015,
    "doc_type": "10-Q",
    "revenues": 24183234,
    "op_income": 3730417,
    "net_income": 4977991,
    "eps_basic": 0.08,
    "eps_diluted": 0.07,
    "dividend": 0,
    "assets": 230771526,
    "cur_assets": 184073414,
    "cur_liab": 18277872,
    "cash": 85468796,
    "equity": 193385580,
    "cash_flow_op": -5664962,
    "cash_flow_inv": -33602534,
    "cash_flow_fin": 84192310
  },
  {
    "symbol": "JAX",
    "end_date": "2015-09-27",
    "amend": "False",
    "period_focus": "Q3",
    "fiscal_year": 2015,
    "doc_type": "10-Q",
    "revenues": 49335000,
    "op_income": -2265000,
    "net_income": -2477000,
    "eps_basic": "",
    "eps_diluted": "",
    "dividend": 0,
    "assets": 150070000,
    "cur_assets": 17688000,
    "cur_liab": 19720000,
    "cash": 12765000,
    "equity": "",
    "cash_flow_op": 8251000,
    "cash_flow_inv": -7345000,
    "cash_flow_fin": -1442000
  },
  {
    "symbol": "INGN",
    "end_date": "2015-09-30",
    "amend": "False",
    "period_focus": "Q3",
    "fiscal_year": 2015,
    "doc_type": "10-Q",
    "revenues": 29248000,
    "op_income": 3714000,
    "net_income": 2696000,
    "eps_basic": 0.14,
    "eps_diluted": 0.13,
    "dividend": 0,
    "assets": 157471000,
    "cur_assets": 114436000,
    "cur_liab": 22837000,
    "cash": 55090000,
    "equity": 129922000,
    "cash_flow_op": 25604000,
    "cash_flow_inv": -28829000,
    "cash_flow_fin": 1479000
  },
  {
    "symbol": "JGW",
    "end_date": "2015-09-30",
    "amend": "False",
    "period_focus": "Q3",
    "fiscal_year": 2015,
    "doc_type": "10-Q",
    "revenues": 63522000,
    "op_income": "",
    "net_income": -26697000,
    "eps_basic": -1.79,
    "eps_diluted": -1.79,
    "dividend": 0,
    "assets": 5379166000,
    "cur_assets": "",
    "cur_liab": "",
    "cash": 35697000,
    "equity": -15791000,
    "cash_flow_op": -165327000,
    "cash_flow_inv": -49466000,
    "cash_flow_fin": 208842000
  },
  {
    "symbol": "JPEP",
    "end_date": "2015-09-30",
    "amend": "False",
    "period_focus": "Q3",
    "fiscal_year": 2015,
    "doc_type": "10-Q",
    "revenues": 259583000,
    "op_income": -6959000,
    "net_income": -8448000,
    "eps_basic": -0.23,
    "eps_diluted": -0.23,
    "dividend": 0,
    "assets": 814063000,
    "cur_assets": 117254000,
    "cur_liab": 84776000,
    "cash": 8529000,
    "equity": "",
    "cash_flow_op": 24266000,
    "cash_flow_inv": -68122000,
    "cash_flow_fin": 49060000
  },
  {
    "symbol": "IPAR",
    "end_date": "2015-09-30",
    "amend": "False",
    "period_focus": "Q3",
    "fiscal_year": 2015,
    "doc_type": "10-Q",
    "revenues": 138944000,
    "op_income": 27638000,
    "net_income": 14220000,
    "eps_basic": 0.46,
    "eps_diluted": 0.46,
    "dividend": 0.13,
    "assets": 694903000,
    "cur_assets": 469992000,
    "cur_liab": 117044000,
    "cash": 124529000,
    "equity": 488958000,
    "cash_flow_op": -12496000,
    "cash_flow_inv": -37248000,
    "cash_flow_fin": 90566000
  },
  {
    "symbol": "ICPT",
    "end_date": "2015-09-30",
    "amend": "False",
    "period_focus": "Q3",
    "fiscal_year": 2015,
    "doc_type": "10-Q",
    "revenues": 6681000,
    "op_income": "",
    "net_income": -50896000,
    "eps_basic": -2.1,
    "eps_diluted": -2.1,
    "dividend": 0,
    "assets": 716747000,
    "cur_assets": 702538000,
    "cur_liab": 32183000,
    "cash": 72354000,
    "equity": 677883000,
    "cash_flow_op": -97216000,
    "cash_flow_inv": -414289000,
    "cash_flow_fin": 564351000
  },
  {
    "symbol": "IBKR",
    "end_date": "2015-09-30",
    "amend": "False",
    "period_focus": "Q3",
    "fiscal_year": 2015,
    "doc_type": "10-Q",
    "revenues": 375000000,
    "op_income": "",
    "net_income": 22000000,
    "eps_basic": 0.35,
    "eps_diluted": 0.35,
    "dividend": 0.1,
    "assets": 47226000000,
    "cur_assets": "",
    "cur_liab": "",
    "cash": 1588000000,
    "equity": 5282000000,
    "cash_flow_op": 627000000,
    "cash_flow_inv": -26000000,
    "cash_flow_fin": -248000000
  },
  {
    "symbol": "IILG",
    "end_date": "2015-09-30",
    "amend": "False",
    "period_focus": "Q3",
    "fiscal_year": 2015,
    "doc_type": "10-Q",
    "revenues": 174040000,
    "op_income": 33023000,
    "net_income": 19100000,
    "eps_basic": 0.33,
    "eps_diluted": 0.33,
    "dividend": 0.12,
    "assets": 1302402000,
    "cur_assets": 281263000,
    "cur_liab": 224408000,
    "cash": 101417000,
    "equity": 460196000,
    "cash_flow_op": 135358000,
    "cash_flow_inv": -13528000,
    "cash_flow_fin": -95639000
  },
  {
    "symbol": "INVT",
    "end_date": "2015-09-30",
    "amend": "False",
    "period_focus": "Q3",
    "fiscal_year": 2015,
    "doc_type": "10-Q",
    "revenues": 132500,
    "op_income": -2227598,
    "net_income": -3470867,
    "eps_basic": -0.1,
    "eps_diluted": -0.1,
    "dividend": 0,
    "assets": 36753713,
    "cur_assets": 4512788,
    "cur_liab": 17756569,
    "cash": 1368118,
    "equity": 1792174,
    "cash_flow_op": -810131,
    "cash_flow_inv": 0,
    "cash_flow_fin": 734900
  },
  {
    "symbol": "ITIC",
    "end_date": "2015-09-30",
    "amend": "False",
    "period_focus": "Q3",
    "fiscal_year": 2015,
    "doc_type": "10-Q",
    "revenues": 34541258,
    "op_income": "",
    "net_income": 4490962,
    "eps_basic": 2.28,
    "eps_diluted": 2.28,
    "dividend": 0.08,
    "assets": 202545602,
    "cur_assets": "",
    "cur_liab": "",
    "cash": 19290813,
    "equity": 139323149,
    "cash_flow_op": 12110111,
    "cash_flow_inv": -3083438,
    "cash_flow_fin": -5562375
  },
  {
    "symbol": "KW",
    "end_date": "2015-09-30",
    "amend": "False",
    "period_focus": "Q3",
    "fiscal_year": 2015,
    "doc_type": "10-Q",
    "revenues": 159200000,
    "op_income": 30600000,
    "net_income": 14900000,
    "eps_basic": 0.13,
    "eps_diluted": 0.13,
    "dividend": 0.12,
    "assets": 7292700000,
    "cur_assets": "",
    "cur_liab": "",
    "cash": 541600000,
    "equity": 2924800000,
    "cash_flow_op": 114200000,
    "cash_flow_inv": -1255200000,
    "cash_flow_fin": 779100000
  },
  {
    "symbol": "KNX",
    "end_date": "2015-09-30",
    "amend": "False",
    "period_focus": "Q3",
    "fiscal_year": 2015,
    "doc_type": "10-Q",
    "revenues": 300122000,
    "op_income": 46426000,
    "net_income": 30283000,
    "eps_basic": 0.37,
    "eps_diluted": 0.37,
    "dividend": 0.06,
    "assets": 1097922000,
    "cur_assets": 217645000,
    "cur_liab": 104473000,
    "cash": 12703000,
    "equity": 714848000,
    "cash_flow_op": 156639000,
    "cash_flow_inv": -97905000,
    "cash_flow_fin": -63097000
  },
  {
    "symbol": "KEG",
    "end_date": "2015-09-30",
    "amend": "False",
    "period_focus": "Q3",
    "fiscal_year": 2015,
    "doc_type": "10-Q",
    "revenues": 0,
    "op_income": -738176000,
    "net_income": -640161000,
    "eps_basic": -4.06,
    "eps_diluted": -4.06,
    "dividend": 0,
    "assets": 1494024000,
    "cur_assets": 440663000,
    "cur_liab": 138306000,
    "cash": 199117000,
    "equity": 292681000,
    "cash_flow_op": -20838000,
    "cash_flow_inv": -26812000,
    "cash_flow_fin": 220076000
  },
  {
    "symbol": "KFS",
    "end_date": "2015-09-30",
    "amend": "False",
    "period_focus": "Q3",
    "fiscal_year": 2015,
    "doc_type": "10-Q",
    "revenues": 38558000,
    "op_income": -401000,
    "net_income": -891000,
    "eps_basic": -0.05,
    "eps_diluted": -0.05,
    "dividend": 0,
    "assets": 268868000,
    "cur_assets": "",
    "cur_liab": "",
    "cash": 75785000,
    "equity": 45542000,
    "cash_flow_op": -10538000,
    "cash_flow_inv": 28009000,
    "cash_flow_fin": -12920000
  },
  {
    "symbol": "KNL",
    "end_date": "2015-09-30",
    "amend": "False",
    "period_focus": "Q3",
    "fiscal_year": 2015,
    "doc_type": "10-Q",
    "revenues": 263588000,
    "op_income": 28704000,
    "net_income": 17833000,
    "eps_basic": 0.37,
    "eps_diluted": 0.37,
    "dividend": 0.12,
    "assets": 842260000,
    "cur_assets": 288890000,
    "cur_liab": 178721000,
    "cash": 9757000,
    "equity": 242968000,
    "cash_flow_op": 38139000,
    "cash_flow_inv": -19837000,
    "cash_flow_fin": -23985000
  },
  {
    "symbol": "IRIX",
    "end_date": "2015-10-03",
    "amend": "False",
    "period_focus": "Q3",
    "fiscal_year": 2015,
    "doc_type": "10-Q",
    "revenues": 9815000,
    "op_income": 143000,
    "net_income": 442000,
    "eps_basic": 0.04,
    "eps_diluted": 0.04,
    "dividend": 0,
    "assets": 40651000,
    "cur_assets": 31424000,
    "cur_liab": 7145000,
    "cash": 10213000,
    "equity": 32820000,
    "cash_flow_op": -354000,
    "cash_flow_inv": -1059000,
    "cash_flow_fin": -1677000
  },
  {
    "symbol": "IRMD",
    "end_date": "2015-09-30",
    "amend": "False",
    "period_focus": "Q3",
    "fiscal_year": 2015,
    "doc_type": "10-Q",
    "revenues": 8193616,
    "op_income": 3202845,
    "net_income": 1867148,
    "eps_basic": 0.17,
    "eps_diluted": 0.15,
    "dividend": 0,
    "assets": 31050660,
    "cur_assets": 29858786,
    "cur_liab": 2671166,
    "cash": 15529235,
    "equity": 28113754,
    "cash_flow_op": 5082610,
    "cash_flow_inv": -206478,
    "cash_flow_fin": 1198953
  },
  {
    "symbol": "ISIS",
    "end_date": "2015-09-30",
    "amend": "False",
    "period_focus": "Q3",
    "fiscal_year": 2015,
    "doc_type": "10-Q",
    "revenues": 49121000,
    "op_income": -48138000,
    "net_income": -35776000,
    "eps_basic": -0.3,
    "eps_diluted": -0.3,
    "dividend": 0,
    "assets": 988005000,
    "cur_assets": 868261000,
    "cur_liab": 122198000,
    "cash": 126593000,
    "equity": 245414000,
    "cash_flow_op": 58599000,
    "cash_flow_inv": -88016000,
    "cash_flow_fin": 13012000
  },
  {
    "symbol": "ISRL",
    "end_date": "2015-09-30",
    "amend": "False",
    "period_focus": "Q3",
    "fiscal_year": 2015,
    "doc_type": "10-Q",
    "revenues": 9232000,
    "op_income": -12880000,
    "net_income": -9989000,
    "eps_basic": -3.68,
    "eps_diluted": -3.68,
    "dividend": 0,
    "assets": 163959000,
    "cur_assets": 42282000,
    "cur_liab": 26501000,
    "cash": 25443000,
    "equity": 10248000,
    "cash_flow_op": 9075000,
    "cash_flow_inv": -3810000,
    "cash_flow_fin": 18151000
  },
  {
    "symbol": "LF",
    "end_date": "2015-09-30",
    "amend": "False",
    "period_focus": "Q2",
    "fiscal_year": 2016,
    "doc_type": "10-Q",
    "revenues": 67245000,
    "op_income": -34001000,
    "net_income": -34066000,
    "eps_basic": -0.48,
    "eps_diluted": -0.48,
    "dividend": 0,
    "assets": 226212000,
    "cur_assets": 199387000,
    "cur_liab": 75730000,
    "cash": 52604000,
    "equity": 149586000,
    "cash_flow_op": -62332000,
    "cash_flow_inv": -11739000,
    "cash_flow_fin": -171000
  },
  {
    "symbol": "JMBA",
    "end_date": "2015-09-29",
    "amend": "False",
    "period_focus": "Q3",
    "fiscal_year": 2015,
    "doc_type": "10-Q",
    "revenues": 35497000,
    "op_income": 13301000,
    "net_income": 13103000,
    "eps_basic": 0.83,
    "eps_diluted": 0.81,
    "dividend": 0,
    "assets": 75494000,
    "cur_assets": 56178000,
    "cur_liab": 54033000,
    "cash": 25236000,
    "equity": 12840000,
    "cash_flow_op": -10896000,
    "cash_flow_inv": 43019000,
    "cash_flow_fin": -24637000
  },
  {
    "symbol": "JAXB",
    "end_date": "2015-09-30",
    "amend": "False",
    "period_focus": "Q3",
    "fiscal_year": 2015,
    "doc_type": "10-Q",
    "revenues": 5669000,
    "op_income": "",
    "net_income": 992000,
    "eps_basic": 0.17,
    "eps_diluted": 0.17,
    "dividend": 0,
    "assets": 505254000,
    "cur_assets": "",
    "cur_liab": "",
    "cash": 26410000,
    "equity": 42120000,
    "cash_flow_op": 4017000,
    "cash_flow_inv": -13522000,
    "cash_flow_fin": 11543000
  },
  {
    "symbol": "JAKK",
    "end_date": "2015-09-30",
    "amend": "False",
    "period_focus": "Q3",
    "fiscal_year": 2015,
    "doc_type": "10-Q",
    "revenues": 337027000,
    "op_income": 44628000,
    "net_income": 45845000,
    "eps_basic": 2.47,
    "eps_diluted": 1.12,
    "dividend": 0,
    "assets": 639557000,
    "cur_assets": 513525000,
    "cur_liab": 241947000,
    "cash": 81211000,
    "equity": 170200000,
    "cash_flow_op": 10107000,
    "cash_flow_inv": -18393000,
    "cash_flow_fin": 17824000
  },
  {
    "symbol": "JCOM",
    "end_date": "2015-09-30",
    "amend": "False",
    "period_focus": "Q3",
    "fiscal_year": 2015,
    "doc_type": "10-Q",
    "revenues": 178701000,
    "op_income": 55733000,
    "net_income": 37375000,
    "eps_basic": 0.77,
    "eps_diluted": 0.77,
    "dividend": 0.3075,
    "assets": 1764999000,
    "cur_assets": 499679000,
    "cur_liab": 165429000,
    "cash": 272368000,
    "equity": 871966000,
    "cash_flow_op": 148573000,
    "cash_flow_inv": -263325000,
    "cash_flow_fin": -42991000
  },
  {
    "symbol": "JIVE",
    "end_date": "2015-09-30",
    "amend": "False",
    "period_focus": "Q3",
    "fiscal_year": 2015,
    "doc_type": "10-Q",
    "revenues": 49905000,
    "op_income": -8760000,
    "net_income": -8829000,
    "eps_basic": -0.12,
    "eps_diluted": -0.12,
    "dividend": 0,
    "assets": 236179000,
    "cur_assets": 171813000,
    "cur_liab": 145853000,
    "cash": 17451000,
    "equity": 67339000,
    "cash_flow_op": 4534000,
    "cash_flow_inv": -7224000,
    "cash_flow_fin": -409000
  },
  {
    "symbol": "JAZZ",
    "end_date": "2015-09-30",
    "amend": "False",
    "period_focus": "Q3",
    "fiscal_year": 2015,
    "doc_type": "10-Q",
    "revenues": 340872000,
    "op_income": 131532000,
    "net_income": 87960000,
    "eps_basic": 1.43,
    "eps_diluted": 1.39,
    "dividend": 0,
    "assets": 3464300000,
    "cur_assets": 1314943000,
    "cur_liab": 340192000,
    "cash": 998859000,
    "equity": 1563477000,
    "cash_flow_op": 412202000,
    "cash_flow_inv": 1112000,
    "cash_flow_fin": -90462000
  },
  {
    "symbol": "KPTI",
    "end_date": "2015-09-30",
    "amend": "False",
    "period_focus": "Q3",
    "fiscal_year": 2015,
    "doc_type": "10-Q",
    "revenues": 75000,
    "op_income": -30610000,
    "net_income": -30373000,
    "eps_basic": -0.85,
    "eps_diluted": -0.85,
    "dividend": 0,
    "assets": 236971000,
    "cur_assets": 198344000,
    "cur_liab": 14440000,
    "cash": 43499000,
    "equity": 220592000,
    "cash_flow_op": -73654000,
    "cash_flow_inv": -124666000,
    "cash_flow_fin": 91216000
  },
  {
    "symbol": "KNDI",
    "end_date": "2015-09-30",
    "amend": "False",
    "period_focus": "Q3",
    "fiscal_year": 2015,
    "doc_type": "10-Q",
    "revenues": 50528545,
    "op_income": -2441158,
    "net_income": 2343195,
    "eps_basic": 0.05,
    "eps_diluted": 0.05,
    "dividend": 0,
    "assets": 367672482,
    "cur_assets": 189772837,
    "cur_liab": 135454282,
    "cash": 11691023,
    "equity": 231815266,
    "cash_flow_op": -1126747,
    "cash_flow_inv": -12326105,
    "cash_flow_fin": -2600585
  },
  {
    "symbol": "LOCK",
    "end_date": "2015-09-30",
    "amend": "False",
    "period_focus": "Q3",
    "fiscal_year": 2015,
    "doc_type": "10-Q",
    "revenues": 151952000,
    "op_income": -87350000,
    "net_income": -65145000,
    "eps_basic": -0.68,
    "eps_diluted": -0.68,
    "dividend": 0,
    "assets": 662899000,
    "cur_assets": 400417000,
    "cur_liab": 368363000,
    "cash": 135542000,
    "equity": 287566000,
    "cash_flow_op": 75723000,
    "cash_flow_inv": -95101000,
    "cash_flow_fin": 8351000
  },
  {
    "symbol": "LGF",
    "end_date": "2015-09-30",
    "amend": "False",
    "period_focus": "Q2",
    "fiscal_year": 2016,
    "doc_type": "10-Q",
    "revenues": 476759000,
    "op_income": -39288000,
    "net_income": -42069000,
    "eps_basic": -0.28,
    "eps_diluted": -0.28,
    "dividend": 0.09,
    "assets": 3565226000,
    "cur_assets": "",
    "cur_liab": "",
    "cash": 170417000,
    "equity": 887547000,
    "cash_flow_op": -168608000,
    "cash_flow_inv": -10539000,
    "cash_flow_fin": 247409000
  },
  {
    "symbol": "LXK",
    "end_date": "2015-09-30",
    "amend": "False",
    "period_focus": "Q3",
    "fiscal_year": 2015,
    "doc_type": "10-Q",
    "revenues": 851100000,
    "op_income": -21600000,
    "net_income": -15200000,
    "eps_basic": -0.25,
    "eps_diluted": -0.25,
    "dividend": 0.36,
    "assets": 3983100000,
    "cur_assets": 1120300000,
    "cur_liab": 1143600000,
    "cash": 142900000,
    "equity": 1153700000,
    "cash_flow_op": 4700000,
    "cash_flow_inv": -464900000,
    "cash_flow_fin": 302000000
  },
  {
    "symbol": "LXU",
    "end_date": "2015-09-30",
    "amend": "False",
    "period_focus": "Q3",
    "fiscal_year": 2015,
    "doc_type": "10-Q",
    "revenues": 157685000,
    "op_income": -54887000,
    "net_income": -33763000,
    "eps_basic": -1.48,
    "eps_diluted": -1.48,
    "dividend": 0,
    "assets": 1156994000,
    "cur_assets": 250215000,
    "cur_liab": 182320000,
    "cash": 23958000,
    "equity": 411030000,
    "cash_flow_op": 42503000,
    "cash_flow_inv": -231736000,
    "cash_flow_fin": 26493000
  },
  {
    "symbol": "LUB",
    "end_date": "2015-08-26",
    "amend": "False",
    "period_focus": "FY",
    "fiscal_year": 2015,
    "doc_type": "10-K",
    "revenues": 394085000,
    "op_income": -636000,
    "net_income": -2074000,
    "eps_basic": -0.07,
    "eps_diluted": -0.07,
    "dividend": 0,
    "assets": 264258000,
    "cur_assets": 15148000,
    "cur_liab": 44548000,
    "cash": 1501000,
    "equity": 174659000,
    "cash_flow_op": 10316000,
    "cash_flow_inv": -7043000,
    "cash_flow_fin": -4560000
  },
  {
    "symbol": "KIN",
    "end_date": "2015-09-30",
    "amend": "False",
    "period_focus": "Q3",
    "fiscal_year": 2015,
    "doc_type": "10-Q",
    "revenues": "",
    "op_income": -7128000,
    "net_income": -7095000,
    "eps_basic": -0.36,
    "eps_diluted": -0.36,
    "dividend": 0,
    "assets": 84673000,
    "cur_assets": 84035000,
    "cur_liab": 2973000,
    "cash": 4539000,
    "equity": 81654000,
    "cash_flow_op": -17228000,
    "cash_flow_inv": 8592000,
    "cash_flow_fin": 206000
  },
  {
    "symbol": "KVHI",
    "end_date": "2015-09-30",
    "amend": "False",
    "period_focus": "Q3",
    "fiscal_year": 2015,
    "doc_type": "10-Q",
    "revenues": 44455000,
    "op_income": 206000,
    "net_income": -463000,
    "eps_basic": -0.03,
    "eps_diluted": -0.03,
    "dividend": 0,
    "assets": 231092000,
    "cur_assets": 117534000,
    "cur_liab": 50841000,
    "cash": 23623000,
    "equity": 113374000,
    "cash_flow_op": 10651000,
    "cash_flow_inv": -6969000,
    "cash_flow_fin": -4721000
  },
  {
    "symbol": "FSTR",
    "end_date": "2015-09-30",
    "amend": "False",
    "period_focus": "Q3",
    "fiscal_year": 2015,
    "doc_type": "10-Q",
    "revenues": 176059000,
    "op_income": -68433000,
    "net_income": -57422000,
    "eps_basic": -5.6,
    "eps_diluted": -5.6,
    "dividend": 0.04,
    "assets": 611574000,
    "cur_assets": 257086000,
    "cur_liab": 95891000,
    "cash": 33210000,
    "equity": 281118000,
    "cash_flow_op": 13688000,
    "cash_flow_inv": -205161000,
    "cash_flow_fin": 175744000
  },
  {
    "symbol": "LKFN",
    "end_date": "2015-09-30",
    "amend": "False",
    "period_focus": "Q3",
    "fiscal_year": 2015,
    "doc_type": "10-Q",
    "revenues": 38868000,
    "op_income": "",
    "net_income": 11565000,
    "eps_basic": 0.7,
    "eps_diluted": 0.69,
    "dividend": 0,
    "assets": 3666250000,
    "cur_assets": "",
    "cur_liab": "",
    "cash": 86586000,
    "equity": 386700000,
    "cash_flow_op": 43107000,
    "cash_flow_inv": -217890000,
    "cash_flow_fin": 182216000
  },
  {
    "symbol": "LSBG",
    "end_date": "2015-09-30",
    "amend": "False",
    "period_focus": "Q3",
    "fiscal_year": 2015,
    "doc_type": "10-Q",
    "revenues": 4386000,
    "op_income": "",
    "net_income": 2127000,
    "eps_basic": 0.25,
    "eps_diluted": 0.25,
    "dividend": 0.14,
    "assets": 1490812000,
    "cur_assets": "",
    "cur_liab": "",
    "cash": 25498000,
    "equity": 144173000,
    "cash_flow_op": 15796000,
    "cash_flow_inv": 1792000,
    "cash_flow_fin": -26808000
  },
  {
    "symbol": "MHLD",
    "end_date": "2015-09-30",
    "amend": "False",
    "period_focus": "Q3",
    "fiscal_year": 2015,
    "doc_type": "10-Q",
    "revenues": 693696000,
    "op_income": "",
    "net_income": 22499000,
    "eps_basic": 0.31,
    "eps_diluted": 0.3,
    "dividend": 0.13,
    "assets": 5756506000,
    "cur_assets": "",
    "cur_liab": "",
    "cash": 117551000,
    "equity": 1221782000,
    "cash_flow_op": 525358000,
    "cash_flow_inv": -470652000,
    "cash_flow_fin": -43789000
  },
  {
    "symbol": "MMI",
    "end_date": "2015-09-30",
    "amend": "False",
    "period_focus": "Q3",
    "fiscal_year": 2015,
    "doc_type": "10-Q",
    "revenues": 165876000,
    "op_income": 27418000,
    "net_income": 15176000,
    "eps_basic": 0.39,
    "eps_diluted": 0.39,
    "dividend": 0,
    "assets": 284229000,
    "cur_assets": 185572000,
    "cur_liab": 62218000,
    "cash": 67632000,
    "equity": 170352000,
    "cash_flow_op": 38582000,
    "cash_flow_inv": -123805000,
    "cash_flow_fin": 3696000
  },
  {
    "symbol": "LXRX",
    "end_date": "2015-09-30",
    "amend": "False",
    "period_focus": "Q3",
    "fiscal_year": 2015,
    "doc_type": "10-Q",
    "revenues": 566000,
    "op_income": -33677000,
    "net_income": -35282000,
    "eps_basic": -0.34,
    "eps_diluted": -0.34,
    "dividend": 0,
    "assets": 391140000,
    "cur_assets": 288947000,
    "cur_liab": 51799000,
    "cash": 61674000,
    "equity": 197938000,
    "cash_flow_op": -81148000,
    "cash_flow_inv": 7117000,
    "cash_flow_fin": -1561000
  },
  {
    "symbol": "MDR",
    "end_date": "2015-09-30",
    "amend": "False",
    "period_focus": "Q3",
    "fiscal_year": 2015,
    "doc_type": "10-Q",
    "revenues": 805857000,
    "op_income": 29460000,
    "net_income": 3666000,
    "eps_basic": 0.02,
    "eps_diluted": 0.01,
    "dividend": 0,
    "assets": 3384209000,
    "cur_assets": 1516940000,
    "cur_liab": 838612000,
    "cash": 631385000,
    "equity": 1552843000,
    "cash_flow_op": -5346000,
    "cash_flow_inv": -7048000,
    "cash_flow_fin": -18956000
  },
  {
    "symbol": "LBRD",
    "end_date": "2015-09-30",
    "amend": "False",
    "period_focus": "Q3",
    "fiscal_year": 2015,
    "doc_type": "10-Q",
    "revenues": 15225000,
    "op_income": 288000,
    "net_income": -19295000,
    "eps_basic": -0.19,
    "eps_diluted": -0.19,
    "dividend": 0,
    "assets": 3611517000,
    "cur_assets": 665466000,
    "cur_liab": 26324000,
    "cash": 643384000,
    "equity": 3174812000,
    "cash_flow_op": 50409000,
    "cash_flow_inv": -2504000,
    "cash_flow_fin": 550670000
  },
  {
    "symbol": "LWAY",
    "end_date": "2015-09-30",
    "amend": "False",
    "period_focus": "Q3",
    "fiscal_year": 2015,
    "doc_type": "10-Q",
    "revenues": 29598665,
    "op_income": 2052091,
    "net_income": 892852,
    "eps_basic": 0.05,
    "eps_diluted": 0.05,
    "dividend": 0,
    "assets": 65064563,
    "cur_assets": 26576273,
    "cur_liab": 9583936,
    "cash": 5010669,
    "equity": 46344760,
    "cash_flow_op": 4377976,
    "cash_flow_inv": -1800079,
    "cash_flow_fin": -827472
  },
  {
    "symbol": "LTRP",
    "end_date": "2015-09-30",
    "amend": "False",
    "period_focus": "Q3",
    "fiscal_year": 2015,
    "doc_type": "10-Q",
    "revenues": 432000000,
    "op_income": 35000000,
    "net_income": -3000000,
    "eps_basic": -0.04,
    "eps_diluted": -0.04,
    "dividend": 0,
    "assets": 7466000000,
    "cur_assets": 1018000000,
    "cur_liab": 386000000,
    "cash": 602000000,
    "equity": 5399000000,
    "cash_flow_op": 290000000,
    "cash_flow_inv": -129000000,
    "cash_flow_fin": -60000000
  },
  {
    "symbol": "LGND",
    "end_date": "2015-09-30",
    "amend": "False",
    "period_focus": "Q3",
    "fiscal_year": 2015,
    "doc_type": "10-Q",
    "revenues": 17701000,
    "op_income": 8597000,
    "net_income": 224539000,
    "eps_basic": 11.29,
    "eps_diluted": 10.46,
    "dividend": 0,
    "assets": 521700000,
    "cur_assets": 210324000,
    "cur_liab": 16253000,
    "cash": 93770000,
    "equity": 292181000,
    "cash_flow_op": 28062000,
    "cash_flow_inv": -101385000,
    "cash_flow_fin": 6890000
  },
  {
    "symbol": "LIND",
    "end_date": "2015-09-30",
    "amend": "False",
    "period_focus": "Q3",
    "fiscal_year": 2015,
    "doc_type": "10-Q",
    "revenues": 58561323,
    "op_income": 5759836,
    "net_income": 4416278,
    "eps_basic": 0.1,
    "eps_diluted": 0.1,
    "dividend": 0,
    "assets": 375962730,
    "cur_assets": 234203303,
    "cur_liab": 93325425,
    "cash": 208751533,
    "equity": 118597932,
    "cash_flow_op": 30267052,
    "cash_flow_inv": -75679716,
    "cash_flow_fin": 214571210
  },
  {
    "symbol": "LIOX",
    "end_date": "2015-09-30",
    "amend": "False",
    "period_focus": "Q3",
    "fiscal_year": 2015,
    "doc_type": "10-Q",
    "revenues": 138604000,
    "op_income": 4463000,
    "net_income": 2728000,
    "eps_basic": 0.04,
    "eps_diluted": 0.04,
    "dividend": 0,
    "assets": 299679000,
    "cur_assets": 159993000,
    "cur_liab": 88910000,
    "cash": 30926000,
    "equity": 94692000,
    "cash_flow_op": 7407000,
    "cash_flow_inv": -71986000,
    "cash_flow_fin": 61407000
  },
  {
    "symbol": "MED",
    "end_date": "2015-09-30",
    "amend": "False",
    "period_focus": "Q3",
    "fiscal_year": 2015,
    "doc_type": "10-Q",
    "revenues": 65936000,
    "op_income": 7975000,
    "net_income": 5506000,
    "eps_basic": 0.46,
    "eps_diluted": 0.46,
    "dividend": 0,
    "assets": 114426000,
    "cur_assets": 84718000,
    "cur_liab": 21457000,
    "cash": 38994000,
    "equity": 86813000,
    "cash_flow_op": 27297000,
    "cash_flow_inv": -1457000,
    "cash_flow_fin": -11305000
  },
  {
    "symbol": "MPW",
    "end_date": "2015-09-30",
    "amend": "False",
    "period_focus": "Q3",
    "fiscal_year": 2015,
    "doc_type": "10-Q",
    "revenues": 114570000,
    "op_income": 57100000,
    "net_income": 23057000,
    "eps_basic": 0.1,
    "eps_diluted": 0.1,
    "dividend": 0.22,
    "assets": 5633323000,
    "cur_assets": "",
    "cur_liab": "",
    "cash": 332235000,
    "equity": 2112603000,
    "cash_flow_op": 132184000,
    "cash_flow_inv": -1782488000,
    "cash_flow_fin": 1843155000
  },
  {
    "symbol": "LOJN",
    "end_date": "2015-09-30",
    "amend": "False",
    "period_focus": "Q3",
    "fiscal_year": 2015,
    "doc_type": "10-Q",
    "revenues": 32644000,
    "op_income": 2714000,
    "net_income": 1481000,
    "eps_basic": 0.08,
    "eps_diluted": 0.08,
    "dividend": 0,
    "assets": 73738000,
    "cur_assets": 52036000,
    "cur_liab": 30115000,
    "cash": 18678000,
    "equity": 23772000,
    "cash_flow_op": 7080000,
    "cash_flow_inv": -2979000,
    "cash_flow_fin": -2538000
  },
  {
    "symbol": "LPSN",
    "end_date": "2015-09-30",
    "amend": "False",
    "period_focus": "Q3",
    "fiscal_year": 2015,
    "doc_type": "10-Q",
    "revenues": 60757000,
    "op_income": 1899000,
    "net_income": 1925000,
    "eps_basic": 0.03,
    "eps_diluted": 0.03,
    "dividend": 0,
    "assets": 237236000,
    "cur_assets": 92695000,
    "cur_liab": 53967000,
    "cash": 40844000,
    "equity": 182680000,
    "cash_flow_op": 10865000,
    "cash_flow_inv": -16597000,
    "cash_flow_fin": -2014000
  },
  {
    "symbol": "LOXO",
    "end_date": "2015-09-30",
    "amend": "False",
    "period_focus": "Q3",
    "fiscal_year": 2015,
    "doc_type": "10-Q",
    "revenues": "",
    "op_income": -8813000,
    "net_income": -8771000,
    "eps_basic": -0.53,
    "eps_diluted": -0.53,
    "dividend": 0,
    "assets": 96702000,
    "cur_assets": 96406000,
    "cur_liab": "",
    "cash": 34409000,
    "equity": 93863000,
    "cash_flow_op": -19474000,
    "cash_flow_inv": 9674000,
    "cash_flow_fin": 279000
  },
  {
    "symbol": "LORL",
    "end_date": "2015-09-30",
    "amend": "False",
    "period_focus": "Q3",
    "fiscal_year": 2015,
    "doc_type": "10-Q",
    "revenues": 2715750,
    "op_income": -1652000,
    "net_income": -3555000,
    "eps_basic": -0.12,
    "eps_diluted": -0.12,
    "dividend": 0,
    "assets": 227180000,
    "cur_assets": 66501000,
    "cur_liab": 14186000,
    "cash": 62148000,
    "equity": 110477000,
    "cash_flow_op": -25420000,
    "cash_flow_inv": 33565000,
    "cash_flow_fin": 2570000
  },
  {
    "symbol": "MBTF",
    "end_date": "2015-09-30",
    "amend": "False",
    "period_focus": "Q3",
    "fiscal_year": 2015,
    "doc_type": "10-Q",
    "revenues": 13942000,
    "op_income": "",
    "net_income": 3006000,
    "eps_basic": 0.13,
    "eps_diluted": 0.13,
    "dividend": 0,
    "assets": 1316719000,
    "cur_assets": "",
    "cur_liab": "",
    "cash": 8205000,
    "equity": 146154000,
    "cash_flow_op": 11618000,
    "cash_flow_inv": -23418000,
    "cash_flow_fin": 26103000
  },
  {
    "symbol": "MNGA",
    "end_date": "2015-09-30",
    "amend": "False",
    "period_focus": "Q3",
    "fiscal_year": 2015,
    "doc_type": "10-Q",
    "revenues": 623893,
    "op_income": -2212826,
    "net_income": -2215220,
    "eps_basic": -0.05,
    "eps_diluted": -0.05,
    "dividend": 0,
    "assets": 14276011,
    "cur_assets": 5274168,
    "cur_liab": 739749,
    "cash": 2169120,
    "equity": 13000406,
    "cash_flow_op": -4112527,
    "cash_flow_inv": -244335,
    "cash_flow_fin": 1464308
  },
  {
    "symbol": "CALL",
    "end_date": "2015-09-30",
    "amend": "False",
    "period_focus": "Q3",
    "fiscal_year": 2015,
    "doc_type": "10-Q",
    "revenues": 25409000,
    "op_income": 7453000,
    "net_income": 3311000,
    "eps_basic": 0.2,
    "eps_diluted": 0.2,
    "dividend": 0,
    "assets": 176324000,
    "cur_assets": 101776000,
    "cur_liab": 62423000,
    "cash": 79569000,
    "equity": 50904000,
    "cash_flow_op": 19331000,
    "cash_flow_inv": -548000,
    "cash_flow_fin": -15159000
  },
  {
    "symbol": "MNKD",
    "end_date": "2015-09-30",
    "amend": "False",
    "period_focus": "Q3",
    "fiscal_year": 2015,
    "doc_type": "10-Q",
    "revenues": 0,
    "op_income": -26003000,
    "net_income": -31857000,
    "eps_basic": -0.08,
    "eps_diluted": -0.08,
    "dividend": 0,
    "assets": 278014000,
    "cur_assets": 71236000,
    "cur_liab": 267307000,
    "cash": 32928000,
    "equity": -124569000,
    "cash_flow_op": -34681000,
    "cash_flow_inv": -9891000,
    "cash_flow_fin": -43341000
  },
  {
    "symbol": "MTEX",
    "end_date": "2015-09-30",
    "amend": "False",
    "period_focus": "Q3",
    "fiscal_year": 2015,
    "doc_type": "10-Q",
    "revenues": 43900000,
    "op_income": 2234000,
    "net_income": 68000,
    "eps_basic": 0.03,
    "eps_diluted": 0.03,
    "dividend": 0,
    "assets": 75333000,
    "cur_assets": 56711000,
    "cur_liab": 34829000,
    "cash": 35292000,
    "equity": 36614000,
    "cash_flow_op": 7837000,
    "cash_flow_inv": -1583000,
    "cash_flow_fin": -82000
  },
  {
    "symbol": "MHK",
    "end_date": "2015-10-03",
    "amend": "False",
    "period_focus": "Q3",
    "fiscal_year": 2015,
    "doc_type": "10-Q",
    "revenues": -7000,
    "op_income": 288734000,
    "net_income": 214874000,
    "eps_basic": 2.91,
    "eps_diluted": 2.89,
    "dividend": 0,
    "assets": 10064482000,
    "cur_assets": 3499194000,
    "cur_liab": 3299784000,
    "cash": 110716000,
    "equity": 4755883000,
    "cash_flow_op": 656952000,
    "cash_flow_inv": -1563785000,
    "cash_flow_fin": 930506000
  },
  {
    "symbol": "MBII",
    "end_date": "2015-03-31",
    "amend": "False",
    "period_focus": "Q1",
    "fiscal_year": 2015,
    "doc_type": "10-Q",
    "revenues": 2056000,
    "op_income": -11251000,
    "net_income": -11914000,
    "eps_basic": -0.49,
    "eps_diluted": -0.49,
    "dividend": 0,
    "assets": 63443000,
    "cur_assets": 41100000,
    "cur_liab": 28649000,
    "cash": 22352000,
    "equity": 22407000,
    "cash_flow_op": -11360000,
    "cash_flow_inv": -1023000,
    "cash_flow_fin": -589000
  },
  {
    "symbol": "MBII",
    "end_date": "2015-06-30",
    "amend": "False",
    "period_focus": "Q2",
    "fiscal_year": 2015,
    "doc_type": "10-Q",
    "revenues": 3357000,
    "op_income": -10376000,
    "net_income": -10985000,
    "eps_basic": -0.45,
    "eps_diluted": -0.45,
    "dividend": 0,
    "assets": 52542000,
    "cur_assets": 30225000,
    "cur_liab": 27747000,
    "cash": 12196000,
    "equity": 12517000,
    "cash_flow_op": -20396000,
    "cash_flow_inv": -1391000,
    "cash_flow_fin": -1341000
  },
  {
    "symbol": "MBII",
    "end_date": "2014-12-31",
    "amend": "False",
    "period_focus": "FY",
    "fiscal_year": 2014,
    "doc_type": "10-K",
    "revenues": 9136000,
    "op_income": -48533000,
    "net_income": -51659000,
    "eps_basic": -2.32,
    "eps_diluted": -2.32,
    "dividend": 0,
    "assets": 77182000,
    "cur_assets": 54723000,
    "cur_liab": 31202000,
    "cash": 35324000,
    "equity": 33231000,
    "cash_flow_op": -35935000,
    "cash_flow_inv": 671000,
    "cash_flow_fin": 46133000
  },
  {
    "symbol": "NBHC",
    "end_date": "2015-09-30",
    "amend": "False",
    "period_focus": "Q3",
    "fiscal_year": 2015,
    "doc_type": "10-Q",
    "revenues": 46072000,
    "op_income": "",
    "net_income": 1622000,
    "eps_basic": 0.05,
    "eps_diluted": 0.05,
    "dividend": 0,
    "assets": 4788049000,
    "cur_assets": "",
    "cur_liab": "",
    "cash": 58859000,
    "equity": 621193000,
    "cash_flow_op": -15225000,
    "cash_flow_inv": 77367000,
    "cash_flow_fin": -165965000
  },
  {
    "symbol": "NSA",
    "end_date": "2015-09-30",
    "amend": "False",
    "period_focus": "Q3",
    "fiscal_year": 2015,
    "doc_type": "10-Q",
    "revenues": 35678000,
    "op_income": 9281000,
    "net_income": 4372000,
    "eps_basic": 0.19,
    "eps_diluted": 0.03,
    "dividend": 0.19,
    "assets": 1044692000,
    "cur_assets": "",
    "cur_liab": "",
    "cash": 6786000,
    "equity": 513806000,
    "cash_flow_op": 37556000,
    "cash_flow_inv": -138511000,
    "cash_flow_fin": 98732000
  },
  {
    "symbol": "NVRO",
    "end_date": "2015-09-30",
    "amend": "False",
    "period_focus": "Q3",
    "fiscal_year": 2015,
    "doc_type": "10-Q",
    "revenues": 15402000,
    "op_income": -17709000,
    "net_income": -19454000,
    "eps_basic": -0.7,
    "eps_diluted": -0.7,
    "dividend": 0,
    "assets": 287684000,
    "cur_assets": 279191000,
    "cur_liab": 23496000,
    "cash": 87558000,
    "equity": 244341000,
    "cash_flow_op": -70009000,
    "cash_flow_inv": 11932000,
    "cash_flow_fin": 120585000
  },
  {
    "symbol": "NP",
    "end_date": "2015-09-30",
    "amend": "False",
    "period_focus": "Q3",
    "fiscal_year": 2015,
    "doc_type": "10-Q",
    "revenues": 231600000,
    "op_income": 24400000,
    "net_income": 6100000,
    "eps_basic": 0.36,
    "eps_diluted": 0.35,
    "dividend": 0.3,
    "assets": 801500000,
    "cur_assets": 314300000,
    "cur_liab": 138500000,
    "cash": 5500000,
    "equity": 307400000,
    "cash_flow_op": 79500000,
    "cash_flow_inv": -143500000,
    "cash_flow_fin": -2400000
  },
  {
    "symbol": "NYB",
    "end_date": "2015-09-30",
    "amend": "False",
    "period_focus": "Q3",
    "fiscal_year": 2015,
    "doc_type": "10-Q",
    "revenues": 454137000,
    "op_income": "",
    "net_income": 113854000,
    "eps_basic": 0.26,
    "eps_diluted": 0.26,
    "dividend": 0,
    "assets": 49045482000,
    "cur_assets": "",
    "cur_liab": "",
    "cash": 585794000,
    "equity": 5826837000,
    "cash_flow_op": 273560000,
    "cash_flow_inv": -363170000,
    "cash_flow_fin": 111254000
  },
  {
    "symbol": "NWL",
    "end_date": "2015-09-30",
    "amend": "False",
    "period_focus": "Q3",
    "fiscal_year": 2015,
    "doc_type": "10-Q",
    "revenues": 1530000000,
    "op_income": 186600000,
    "net_income": 134200000,
    "eps_basic": 0.5,
    "eps_diluted": 0.5,
    "dividend": 0.19,
    "assets": 6793900000,
    "cur_assets": 2586400000,
    "cur_liab": 2141200000,
    "cash": 266200000,
    "equity": 1788300000,
    "cash_flow_op": 288100000,
    "cash_flow_inv": -139700000,
    "cash_flow_fin": -69600000
  },
  {
    "symbol": "NYRT",
    "end_date": "2015-09-30",
    "amend": "False",
    "period_focus": "Q3",
    "fiscal_year": 2015,
    "doc_type": "10-Q",
    "revenues": 44608000,
    "op_income": -6088000,
    "net_income": -12752000,
    "eps_basic": -0.08,
    "eps_diluted": -0.08,
    "dividend": 0.12,
    "assets": 2096019000,
    "cur_assets": "",
    "cur_liab": "",
    "cash": 20423000,
    "equity": 1112144000,
    "cash_flow_op": 33244000,
    "cash_flow_inv": 24352000,
    "cash_flow_fin": -59685000
  },
  {
    "symbol": "MELR",
    "end_date": "2015-09-30",
    "amend": "False",
    "period_focus": "Q3",
    "fiscal_year": 2015,
    "doc_type": "10-Q",
    "revenues": 1631000,
    "op_income": "",
    "net_income": 206000,
    "eps_basic": 0.08,
    "eps_diluted": 0.08,
    "dividend": 0,
    "assets": 223583000,
    "cur_assets": "",
    "cur_liab": "",
    "cash": 19285000,
    "equity": 45910000,
    "cash_flow_op": 472000,
    "cash_flow_inv": -20660000,
    "cash_flow_fin": 9982000
  },
  {
    "symbol": "MMSI",
    "end_date": "2015-09-30",
    "amend": "False",
    "period_focus": "Q3",
    "fiscal_year": 2015,
    "doc_type": "10-Q",
    "revenues": 136086000,
    "op_income": 8547000,
    "net_income": 4818000,
    "eps_basic": 0.11,
    "eps_diluted": 0.11,
    "dividend": 0,
    "assets": 768039000,
    "cur_assets": 194347000,
    "cur_liab": 85891000,
    "cash": 5859000,
    "equity": 458557000,
    "cash_flow_op": 57005000,
    "cash_flow_inv": -50695000,
    "cash_flow_fin": -7488000
  },
  {
    "symbol": "MACK",
    "end_date": "2015-09-30",
    "amend": "False",
    "period_focus": "Q3",
    "fiscal_year": 2015,
    "doc_type": "10-Q",
    "revenues": 16440000,
    "op_income": -38279000,
    "net_income": -42594000,
    "eps_basic": -0.38,
    "eps_diluted": -0.38,
    "dividend": 0,
    "assets": 102684000,
    "cur_assets": 70921000,
    "cur_liab": 95262000,
    "cash": 56350000,
    "equity": -141146000,
    "cash_flow_op": -102048000,
    "cash_flow_inv": 73772000,
    "cash_flow_fin": 48938000
  },
  {
    "symbol": "MCHP",
    "end_date": "2015-09-30",
    "amend": "False",
    "period_focus": "Q2",
    "fiscal_year": 2016,
    "doc_type": "10-Q",
    "revenues": 541391000,
    "op_income": 74948000,
    "net_income": 64899000,
    "eps_basic": 0.32,
    "eps_diluted": 0.3,
    "dividend": 0.358,
    "assets": 5786309000,
    "cur_assets": 2778887000,
    "cur_liab": 371776000,
    "cash": 539078000,
    "equity": 2129381000,
    "cash_flow_op": 331414000,
    "cash_flow_inv": -727869000,
    "cash_flow_fin": 327718000
  },
  {
    "symbol": "METR",
    "end_date": "2015-09-30",
    "amend": "False",
    "period_focus": "Q3",
    "fiscal_year": 2015,
    "doc_type": "10-Q",
    "revenues": 27872000,
    "op_income": "",
    "net_income": 4815000,
    "eps_basic": 0.34,
    "eps_diluted": 0.33,
    "dividend": 0.07,
    "assets": 2966160000,
    "cur_assets": "",
    "cur_liab": "",
    "cash": 47995000,
    "equity": 277598000,
    "cash_flow_op": 24219000,
    "cash_flow_inv": 30988000,
    "cash_flow_fin": -50044000
  },
  {
    "symbol": "MBCN",
    "end_date": "2015-09-30",
    "amend": "False",
    "period_focus": "Q3",
    "fiscal_year": 2015,
    "doc_type": "10-Q",
    "revenues": 8259000,
    "op_income": "",
    "net_income": 1982000,
    "eps_basic": 0.96,
    "eps_diluted": 0.96,
    "dividend": 0.27,
    "assets": 710597000,
    "cur_assets": "",
    "cur_liab": "",
    "cash": 23295000,
    "equity": 67216000,
    "cash_flow_op": 5416000,
    "cash_flow_inv": -35976000,
    "cash_flow_fin": 28216000
  },
  {
    "symbol": "NGL",
    "end_date": "2015-09-30",
    "amend": "False",
    "period_focus": "Q2",
    "fiscal_year": 2016,
    "doc_type": "10-Q",
    "revenues": 3193195000,
    "op_income": 246000,
    "net_income": -24152000,
    "eps_basic": -0.41,
    "eps_diluted": -0.41,
    "dividend": 0,
    "assets": 6449837000,
    "cur_assets": 1276919000,
    "cur_liab": 852170000,
    "cash": 30053000,
    "equity": "",
    "cash_flow_op": 174095000,
    "cash_flow_inv": -340930000,
    "cash_flow_fin": 155585000
  },
  {
    "symbol": "NSAM",
    "end_date": "2015-09-30",
    "amend": "False",
    "period_focus": "Q3",
    "fiscal_year": 2015,
    "doc_type": "10-Q",
    "revenues": 108115000,
    "op_income": "",
    "net_income": 39733000,
    "eps_basic": 0.21,
    "eps_diluted": 0.21,
    "dividend": 0.1,
    "assets": 347029000,
    "cur_assets": "",
    "cur_liab": "",
    "cash": 128597000,
    "equity": 269712000,
    "cash_flow_op": 127738000,
    "cash_flow_inv": -30978000,
    "cash_flow_fin": -76940000
  },
  {
    "symbol": "NOR",
    "end_date": "2015-09-30",
    "amend": "False",
    "period_focus": "Q3",
    "fiscal_year": 2015,
    "doc_type": "10-Q",
    "revenues": 309500000,
    "op_income": -181600000,
    "net_income": -175100000,
    "eps_basic": -17.49,
    "eps_diluted": -17.49,
    "dividend": 0,
    "assets": 1121500000,
    "cur_assets": 302600000,
    "cur_liab": 221800000,
    "cash": 8900000,
    "equity": -123700000,
    "cash_flow_op": 25000000,
    "cash_flow_inv": -47300000,
    "cash_flow_fin": 10700000
  },
  {
    "symbol": "NRF",
    "end_date": "2015-09-30",
    "amend": "False",
    "period_focus": "Q3",
    "fiscal_year": 2015,
    "doc_type": "10-Q",
    "revenues": 235588000,
    "op_income": "",
    "net_income": -126111000,
    "eps_basic": -0.69,
    "eps_diluted": -0.69,
    "dividend": 0.75,
    "assets": 18622914000,
    "cur_assets": "",
    "cur_liab": "",
    "cash": 386034000,
    "equity": 5221182000,
    "cash_flow_op": 387831000,
    "cash_flow_inv": -3189791000,
    "cash_flow_fin": 2895248000
  },
  {
    "symbol": "MPAA",
    "end_date": "2015-09-30",
    "amend": "False",
    "period_focus": "Q2",
    "fiscal_year": 2016,
    "doc_type": "10-Q",
    "revenues": 91670000,
    "op_income": 323000,
    "net_income": -1392000,
    "eps_basic": -0.08,
    "eps_diluted": -0.08,
    "dividend": 0,
    "assets": 396416000,
    "cur_assets": 133034000,
    "cur_liab": 136535000,
    "cash": 31698000,
    "equity": 194940000,
    "cash_flow_op": 19177000,
    "cash_flow_inv": -6669000,
    "cash_flow_fin": -41858000
  },
  {
    "symbol": "LABL",
    "end_date": "2015-09-30",
    "amend": "False",
    "period_focus": "Q2",
    "fiscal_year": 2016,
    "doc_type": "10-Q",
    "revenues": 219784000,
    "op_income": 28247000,
    "net_income": 16570000,
    "eps_basic": 0.99,
    "eps_diluted": 0.98,
    "dividend": 0.05,
    "assets": 1035635000,
    "cur_assets": 250290000,
    "cur_liab": 125112000,
    "cash": 29343000,
    "equity": 308550000,
    "cash_flow_op": 44622000,
    "cash_flow_inv": -94132000,
    "cash_flow_fin": 61416000
  },
  {
    "symbol": "NSSC",
    "end_date": "2015-09-30",
    "amend": "False",
    "period_focus": "Q1",
    "fiscal_year": 2016,
    "doc_type": "10-Q",
    "revenues": 18149000,
    "op_income": 324000,
    "net_income": 315000,
    "eps_basic": 0.02,
    "eps_diluted": 0.02,
    "dividend": 0,
    "assets": 63416000,
    "cur_assets": 43124000,
    "cur_liab": 8959000,
    "cash": 2806000,
    "equity": 46757000,
    "cash_flow_op": 2087000,
    "cash_flow_inv": -133000,
    "cash_flow_fin": -1494000
  },
  {
    "symbol": "NSPH",
    "end_date": "2015-09-30",
    "amend": "False",
    "period_focus": "Q3",
    "fiscal_year": 2015,
    "doc_type": "10-Q",
    "revenues": 4888000,
    "op_income": -7919000,
    "net_income": -9931000,
    "eps_basic": -1.31,
    "eps_diluted": -1.31,
    "dividend": 0,
    "assets": 37119000,
    "cur_assets": 26726000,
    "cur_liab": 22683000,
    "cash": 12339000,
    "equity": 14436000,
    "cash_flow_op": -20630000,
    "cash_flow_inv": -5239000,
    "cash_flow_fin": 17155000
  },
  {
    "symbol": "MFSF",
    "end_date": "2015-09-30",
    "amend": "False",
    "period_focus": "Q3",
    "fiscal_year": 2015,
    "doc_type": "10-Q",
    "revenues": 17442000,
    "op_income": "",
    "net_income": 3225000,
    "eps_basic": 0.44,
    "eps_diluted": 0.43,
    "dividend": 0.12,
    "assets": 1456364000,
    "cur_assets": "",
    "cur_liab": "",
    "cash": 7207000,
    "equity": 135099000,
    "cash_flow_op": 13295000,
    "cash_flow_inv": -46632000,
    "cash_flow_fin": 22405000
  },
  {
    "symbol": "NCMI",
    "end_date": "2015-10-01",
    "amend": "False",
    "period_focus": "Q3",
    "fiscal_year": 2015,
    "doc_type": "10-Q",
    "revenues": 111700000,
    "op_income": 47800000,
    "net_income": 7700000,
    "eps_basic": 0.13,
    "eps_diluted": 0.13,
    "dividend": 0.22,
    "assets": 1006200000,
    "cur_assets": 178200000,
    "cur_liab": 112800000,
    "cash": 22700000,
    "equity": -228300000,
    "cash_flow_op": 61900000,
    "cash_flow_inv": -1100000,
    "cash_flow_fin": -51500000
  },
  {
    "symbol": "NGHC",
    "end_date": "2015-09-30",
    "amend": "False",
    "period_focus": "Q3",
    "fiscal_year": 2015,
    "doc_type": "10-Q",
    "revenues": 590039000,
    "op_income": "",
    "net_income": 38988000,
    "eps_basic": 0.39,
    "eps_diluted": 0.38,
    "dividend": 0.02,
    "assets": 5084333000,
    "cur_assets": "",
    "cur_liab": "",
    "cash": 278896000,
    "equity": 1530556000,
    "cash_flow_op": 211264000,
    "cash_flow_inv": -514648000,
    "cash_flow_fin": 450006000
  },
  {
    "symbol": "NBTB",
    "end_date": "2015-09-30",
    "amend": "False",
    "period_focus": "Q3",
    "fiscal_year": 2015,
    "doc_type": "10-Q",
    "revenues": 100761000,
    "op_income": "",
    "net_income": 19851000,
    "eps_basic": 0.45,
    "eps_diluted": 0.45,
    "dividend": 0,
    "assets": 8161562000,
    "cur_assets": "",
    "cur_liab": "",
    "cash": 175036000,
    "equity": 876216000,
    "cash_flow_op": 93057000,
    "cash_flow_inv": -348613000,
    "cash_flow_fin": 293920000
  },
  {
    "symbol": "NEOND",
    "end_date": "2015-09-30",
    "amend": "False",
    "period_focus": "Q3",
    "fiscal_year": 2015,
    "doc_type": "10-Q",
    "revenues": 3113000,
    "op_income": -1348000,
    "net_income": -1368000,
    "eps_basic": -0.03,
    "eps_diluted": -0.03,
    "dividend": 0,
    "assets": 3780000,
    "cur_assets": 3198000,
    "cur_liab": 4561000,
    "cash": 950000,
    "equity": -1078000,
    "cash_flow_op": -4886000,
    "cash_flow_inv": -137000,
    "cash_flow_fin": -40000
  },
  {
    "symbol": "NLST",
    "end_date": "2015-09-26",
    "amend": "False",
    "period_focus": "Q3",
    "fiscal_year": 2015,
    "doc_type": "10-Q",
    "revenues": 1617000,
    "op_income": -4034000,
    "net_income": -5370000,
    "eps_basic": -0.11,
    "eps_diluted": -0.11,
    "dividend": 0,
    "assets": 16619000,
    "cur_assets": 16337000,
    "cur_liab": 16192000,
    "cash": 12647000,
    "equity": 380000,
    "cash_flow_op": -9510000,
    "cash_flow_inv": -138000,
    "cash_flow_fin": 11255000
  },
  {
    "symbol": "CUR",
    "end_date": "2015-09-30",
    "amend": "False",
    "period_focus": "Q3",
    "fiscal_year": 2015,
    "doc_type": "10-Q",
    "revenues": 2500,
    "op_income": -5197520,
    "net_income": -5637568,
    "eps_basic": -0.06,
    "eps_diluted": -0.06,
    "dividend": 0,
    "assets": 21141702,
    "cur_assets": 19563698,
    "cur_liab": 7469818,
    "cash": 13130795,
    "equity": 8902760,
    "cash_flow_op": -15032404,
    "cash_flow_inv": 9800395,
    "cash_flow_fin": 5845636
  },
  {
    "symbol": "OCIP",
    "end_date": "2015-09-30",
    "amend": "False",
    "period_focus": "Q3",
    "fiscal_year": 2015,
    "doc_type": "10-Q",
    "revenues": 103683000,
    "op_income": 30834000,
    "net_income": 23143000,
    "eps_basic": 0.27,
    "eps_diluted": 0.27,
    "dividend": 0,
    "assets": 758465000,
    "cur_assets": 68388000,
    "cur_liab": 77082000,
    "cash": 29675000,
    "equity": "",
    "cash_flow_op": 77889000,
    "cash_flow_inv": -219116000,
    "cash_flow_fin": 99092000
  },
  {
    "symbol": "OMAM",
    "end_date": "2015-09-30",
    "amend": "False",
    "period_focus": "Q3",
    "fiscal_year": 2015,
    "doc_type": "10-Q",
    "revenues": 161800000,
    "op_income": 43000000,
    "net_income": 35000000,
    "eps_basic": 0.29,
    "eps_diluted": 0.29,
    "dividend": 0,
    "assets": 911900000,
    "cur_assets": "",
    "cur_liab": "",
    "cash": 126800000,
    "equity": 124200000,
    "cash_flow_op": 188100000,
    "cash_flow_inv": -104600000,
    "cash_flow_fin": -225300000
  },
  {
    "symbol": "OPK",
    "end_date": "2015-09-30",
    "amend": "False",
    "period_focus": "Q3",
    "fiscal_year": 2015,
    "doc_type": "10-Q",
    "revenues": 143034000,
    "op_income": -8223000,
    "net_income": 128247000,
    "eps_basic": 0.26,
    "eps_diluted": 0.25,
    "dividend": 0,
    "assets": 3015853000,
    "cur_assets": 517416000,
    "cur_liab": 357590000,
    "cash": 212144000,
    "equity": 1969368000,
    "cash_flow_op": 173375000,
    "cash_flow_inv": -91284000,
    "cash_flow_fin": 33176000
  },
  {
    "symbol": "ONDK",
    "end_date": "2015-09-30",
    "amend": "False",
    "period_focus": "Q3",
    "fiscal_year": 2015,
    "doc_type": "10-Q",
    "revenues": 67398000,
    "op_income": 3577000,
    "net_income": 3733000,
    "eps_basic": 0.05,
    "eps_diluted": 0.05,
    "dividend": 0,
    "assets": 708648000,
    "cur_assets": "",
    "cur_liab": "",
    "cash": 165713000,
    "equity": 329476000,
    "cash_flow_op": 89690000,
    "cash_flow_inv": -98367000,
    "cash_flow_fin": -44479000
  },
  {
    "symbol": "OLP",
    "end_date": "2015-09-30",
    "amend": "False",
    "period_focus": "Q3",
    "fiscal_year": 2015,
    "doc_type": "10-Q",
    "revenues": 16108000,
    "op_income": 7673000,
    "net_income": 3578000,
    "eps_basic": 0.22,
    "eps_diluted": 0.22,
    "dividend": 0.39,
    "assets": 655396000,
    "cur_assets": "",
    "cur_liab": "",
    "cash": 13896000,
    "equity": 257499000,
    "cash_flow_op": 23316000,
    "cash_flow_inv": -72227000,
    "cash_flow_fin": 42463000
  },
  {
    "symbol": "NICK",
    "end_date": "2015-09-30",
    "amend": "False",
    "period_focus": "Q2",
    "fiscal_year": 2016,
    "doc_type": "10-Q",
    "revenues": 3671174,
    "op_income": "",
    "net_income": 3256341,
    "eps_basic": 0.43,
    "eps_diluted": 0.42,
    "dividend": 0,
    "assets": 321326093,
    "cur_assets": "",
    "cur_liab": "",
    "cash": 1672692,
    "equity": 97109129,
    "cash_flow_op": 11931438,
    "cash_flow_inv": -24988803,
    "cash_flow_fin": 11341864
  },
  {
    "symbol": "NWBO",
    "end_date": "2015-09-30",
    "amend": "False",
    "period_focus": "Q3",
    "fiscal_year": 2015,
    "doc_type": "10-Q",
    "revenues": 291000,
    "op_income": -13213000,
    "net_income": 22615000,
    "eps_basic": 0.29,
    "eps_diluted": 0.25,
    "dividend": 0,
    "assets": 51639000,
    "cur_assets": 7089000,
    "cur_liab": 87247000,
    "cash": 5392000,
    "equity": -57356000,
    "cash_flow_op": 11800000,
    "cash_flow_inv": -4010000,
    "cash_flow_fin": 52577000
  },
  {
    "symbol": "NFBK",
    "end_date": "2015-09-30",
    "amend": "False",
    "period_focus": "Q3",
    "fiscal_year": 2015,
    "doc_type": "10-Q",
    "revenues": 27236000,
    "op_income": "",
    "net_income": 4677000,
    "eps_basic": 0.11,
    "eps_diluted": 0.11,
    "dividend": 0,
    "assets": 3181434000,
    "cur_assets": "",
    "cur_liab": "",
    "cash": 14647000,
    "equity": 558098000,
    "cash_flow_op": 24628000,
    "cash_flow_inv": -154193000,
    "cash_flow_fin": 138844000
  },
  {
    "symbol": "NWBI",
    "end_date": "2015-09-30",
    "amend": "False",
    "period_focus": "Q3",
    "fiscal_year": 2015,
    "doc_type": "10-Q",
    "revenues": 99231000,
    "op_income": "",
    "net_income": 12872000,
    "eps_basic": 0.14,
    "eps_diluted": 0.13,
    "dividend": 0.14,
    "assets": 8934908000,
    "cur_assets": "",
    "cur_liab": "",
    "cash": 91406000,
    "equity": 1161337000,
    "cash_flow_op": 88392000,
    "cash_flow_inv": -124913000,
    "cash_flow_fin": -108560000
  },
  {
    "symbol": "MIFI",
    "end_date": "2015-09-30",
    "amend": "False",
    "period_focus": "Q3",
    "fiscal_year": 2015,
    "doc_type": "10-Q",
    "revenues": 54577000,
    "op_income": -7503000,
    "net_income": -20847000,
    "eps_basic": -0.38,
    "eps_diluted": -0.38,
    "dividend": 0,
    "assets": 198024000,
    "cur_assets": 93858000,
    "cur_liab": 52540000,
    "cash": 10219000,
    "equity": 49283000,
    "cash_flow_op": -26297000,
    "cash_flow_inv": -98557000,
    "cash_flow_fin": 117570000
  },
  {
    "symbol": "NVAX",
    "end_date": "2015-09-30",
    "amend": "False",
    "period_focus": "Q3",
    "fiscal_year": 2015,
    "doc_type": "10-Q",
    "revenues": 6525000,
    "op_income": -33199000,
    "net_income": -33120000,
    "eps_basic": -0.12,
    "eps_diluted": -0.12,
    "dividend": 0,
    "assets": 404634000,
    "cur_assets": 310102000,
    "cur_liab": 24873000,
    "cash": 138144000,
    "equity": 367016000,
    "cash_flow_op": -71339000,
    "cash_flow_inv": -30829000,
    "cash_flow_fin": 208082000
  },
  {
    "symbol": "NMRX",
    "end_date": "2015-09-30",
    "amend": "False",
    "period_focus": "Q3",
    "fiscal_year": 2015,
    "doc_type": "10-Q",
    "revenues": 23334000,
    "op_income": -5819000,
    "net_income": -16380000,
    "eps_basic": -0.86,
    "eps_diluted": -0.86,
    "dividend": 0,
    "assets": 114571000,
    "cur_assets": 38391000,
    "cur_liab": 20849000,
    "cash": 12482000,
    "equity": 74256000,
    "cash_flow_op": 4124000,
    "cash_flow_inv": -5298000,
    "cash_flow_fin": -3614000
  },
  {
    "symbol": "ORN",
    "end_date": "2015-09-30",
    "amend": "False",
    "period_focus": "Q3",
    "fiscal_year": 2015,
    "doc_type": "10-Q",
    "revenues": 137061000,
    "op_income": -6218000,
    "net_income": -7396000,
    "eps_basic": -0.27,
    "eps_diluted": -0.27,
    "dividend": 0,
    "assets": 504399000,
    "cur_assets": 228849000,
    "cur_liab": 131445000,
    "cash": 17180000,
    "equity": 225334000,
    "cash_flow_op": -2621000,
    "cash_flow_inv": -125244000,
    "cash_flow_fin": 107253000
  },
  {
    "symbol": "PVA",
    "end_date": "2015-09-30",
    "amend": "False",
    "period_focus": "Q3",
    "fiscal_year": 2015,
    "doc_type": "10-Q",
    "revenues": 111984000,
    "op_income": 3604000,
    "net_income": 19965000,
    "eps_basic": 0.27,
    "eps_diluted": 0.25,
    "dividend": 0,
    "assets": 2020446000,
    "cur_assets": 179875000,
    "cur_liab": 161908000,
    "cash": 3342000,
    "equity": 555071000,
    "cash_flow_op": 162241000,
    "cash_flow_inv": -251206000,
    "cash_flow_fin": 86055000
  },
  {
    "symbol": "BTU",
    "end_date": "2015-09-30",
    "amend": "False",
    "period_focus": "Q3",
    "fiscal_year": 2015,
    "doc_type": "10-Q",
    "revenues": 1418900000,
    "op_income": -20400000,
    "net_income": -304700000,
    "eps_basic": -16.73,
    "eps_diluted": -16.73,
    "dividend": 0,
    "assets": 11663400000,
    "cur_assets": 1553600000,
    "cur_liab": 1516200000,
    "cash": 334300000,
    "equity": 1310400000,
    "cash_flow_op": -90600000,
    "cash_flow_inv": -146300000,
    "cash_flow_fin": 273200000
  },
  {
    "symbol": "OCAT",
    "end_date": "2015-09-30",
    "amend": "False",
    "period_focus": "Q3",
    "fiscal_year": 2015,
    "doc_type": "10-Q",
    "revenues": 84252,
    "op_income": -7410559,
    "net_income": -3845725,
    "eps_basic": -0.09,
    "eps_diluted": -0.09,
    "dividend": 0,
    "assets": 33469837,
    "cur_assets": 32546846,
    "cur_liab": 4658939,
    "cash": 32137535,
    "equity": 13761005,
    "cash_flow_op": -19256900,
    "cash_flow_inv": -126799,
    "cash_flow_fin": 47096860
  },
  {
    "symbol": "OCUL",
    "end_date": "2015-09-30",
    "amend": "False",
    "period_focus": "Q3",
    "fiscal_year": 2015,
    "doc_type": "10-Q",
    "revenues": 429000,
    "op_income": -11174000,
    "net_income": -11524000,
    "eps_basic": -0.47,
    "eps_diluted": -0.47,
    "dividend": 0,
    "assets": 119319000,
    "cur_assets": 115898000,
    "cur_liab": 11181000,
    "cash": 41198000,
    "equity": 98808000,
    "cash_flow_op": -25107000,
    "cash_flow_inv": -36483000,
    "cash_flow_fin": 65395000
  },
  {
    "symbol": "OCLS",
    "end_date": "2015-09-30",
    "amend": "False",
    "period_focus": "Q2",
    "fiscal_year": 2016,
    "doc_type": "10-Q",
    "revenues": 4054000,
    "op_income": -1858000,
    "net_income": -1763000,
    "eps_basic": -0.11,
    "eps_diluted": -0.11,
    "dividend": 0,
    "assets": 13584000,
    "cur_assets": 12677000,
    "cur_liab": 2573000,
    "cash": 7974000,
    "equity": 10748000,
    "cash_flow_op": -4333000,
    "cash_flow_inv": 4300000,
    "cash_flow_fin": 1927000
  },
  {
    "symbol": "ODFL",
    "end_date": "2015-09-30",
    "amend": "False",
    "period_focus": "Q3",
    "fiscal_year": 2015,
    "doc_type": "10-Q",
    "revenues": 779474000,
    "op_income": 139854000,
    "net_income": 84368000,
    "eps_basic": 0.99,
    "eps_diluted": 0.99,
    "dividend": 0,
    "assets": 2474485000,
    "cur_assets": 436206000,
    "cur_liab": 364172000,
    "cash": 11412000,
    "equity": 1647413000,
    "cash_flow_op": 372274000,
    "cash_flow_inv": -342643000,
    "cash_flow_fin": -53006000
  },
  {
    "symbol": "OVBC",
    "end_date": "2015-09-30",
    "amend": "False",
    "period_focus": "Q3",
    "fiscal_year": 2015,
    "doc_type": "10-Q",
    "revenues": 10600000,
    "op_income": "",
    "net_income": 1642000,
    "eps_basic": 0.4,
    "eps_diluted": 0.4,
    "dividend": 0.21,
    "assets": 808466000,
    "cur_assets": "",
    "cur_liab": "",
    "cash": 64160000,
    "equity": 89955000,
    "cash_flow_op": 8585000,
    "cash_flow_inv": 3612000,
    "cash_flow_fin": 20986000
  },
  {
    "symbol": "OPOF",
    "end_date": "2015-09-30",
    "amend": "False",
    "period_focus": "Q3",
    "fiscal_year": 2015,
    "doc_type": "10-Q",
    "revenues": 10832000,
    "op_income": "",
    "net_income": 840000,
    "eps_basic": 0.17,
    "eps_diluted": 0.17,
    "dividend": 0,
    "assets": 878952000,
    "cur_assets": "",
    "cur_liab": "",
    "cash": 14809000,
    "equity": 90844000,
    "cash_flow_op": 7075000,
    "cash_flow_inv": -20231000,
    "cash_flow_fin": -5340000
  },
  {
    "symbol": "OMER",
    "end_date": "2015-09-30",
    "amend": "False",
    "period_focus": "Q3",
    "fiscal_year": 2015,
    "doc_type": "10-Q",
    "revenues": 3259000,
    "op_income": -19301000,
    "net_income": -19921000,
    "eps_basic": -0.53,
    "eps_diluted": -0.53,
    "dividend": 0,
    "assets": 41417000,
    "cur_assets": 39463000,
    "cur_liab": 22273000,
    "cash": 601000,
    "equity": -9004000,
    "cash_flow_op": -48609000,
    "cash_flow_inv": -28053000,
    "cash_flow_fin": 76909000
  },
  {
    "symbol": "OPXA",
    "end_date": "2015-09-30",
    "amend": "False",
    "period_focus": "Q3",
    "fiscal_year": 2015,
    "doc_type": "10-Q",
    "revenues": 2905165,
    "op_income": -2807962,
    "net_income": -2793980,
    "eps_basic": -0.42,
    "eps_diluted": -0.42,
    "dividend": 0,
    "assets": 17051369,
    "cur_assets": 16154757,
    "cur_liab": 4964564,
    "cash": 15592500,
    "equity": 11360512,
    "cash_flow_op": -6845729,
    "cash_flow_inv": -69944,
    "cash_flow_fin": 12601800
  },
  {
    "symbol": "DOC",
    "end_date": "2015-09-30",
    "amend": "False",
    "period_focus": "Q3",
    "fiscal_year": 2015,
    "doc_type": "10-Q",
    "revenues": 34870000,
    "op_income": "",
    "net_income": 3404000,
    "eps_basic": 0.05,
    "eps_diluted": 0.05,
    "dividend": 0.225,
    "assets": 1478825000,
    "cur_assets": "",
    "cur_liab": "",
    "cash": 4718000,
    "equity": 856368000,
    "cash_flow_op": 41651000,
    "cash_flow_inv": -650106000,
    "cash_flow_fin": 597250000
  },
  {
    "symbol": "PNX",
    "end_date": "2015-09-30",
    "amend": "False",
    "period_focus": "Q3",
    "fiscal_year": 2015,
    "doc_type": "10-Q",
    "revenues": 437100000,
    "op_income": "",
    "net_income": -15700000,
    "eps_basic": -2.73,
    "eps_diluted": -2.73,
    "dividend": 0,
    "assets": 21288400000,
    "cur_assets": "",
    "cur_liab": "",
    "cash": 465200000,
    "equity": 235000000,
    "cash_flow_op": -542300000,
    "cash_flow_inv": 16900000,
    "cash_flow_fin": 542200000
  },
  {
    "symbol": "PKI",
    "end_date": "2015-10-04",
    "amend": "False",
    "period_focus": "Q3",
    "fiscal_year": 2015,
    "doc_type": "10-Q",
    "revenues": 563436000,
    "op_income": 75898000,
    "net_income": 54863000,
    "eps_basic": 0.49,
    "eps_diluted": 0.48,
    "dividend": 0.07,
    "assets": 4031667000,
    "cur_assets": 1073837000,
    "cur_liab": 554276000,
    "cash": 195066000,
    "equity": 2054324000,
    "cash_flow_op": 161859000,
    "cash_flow_inv": -35733000,
    "cash_flow_fin": -92430000
  },
  {
    "symbol": "PDM",
    "end_date": "2015-09-30",
    "amend": "False",
    "period_focus": "Q3",
    "fiscal_year": 2015,
    "doc_type": "10-Q",
    "revenues": 148815000,
    "op_income": -1133000,
    "net_income": -1875000,
    "eps_basic": -0.01,
    "eps_diluted": -0.01,
    "dividend": 0,
    "assets": 4739874000,
    "cur_assets": "",
    "cur_liab": "",
    "cash": 7702000,
    "equity": 2092738000,
    "cash_flow_op": 132596000,
    "cash_flow_inv": -34218000,
    "cash_flow_fin": -102982000
  },
  {
    "symbol": "PNK",
    "end_date": "2015-09-30",
    "amend": "False",
    "period_focus": "Q3",
    "fiscal_year": 2015,
    "doc_type": "10-Q",
    "revenues": 578630000,
    "op_income": 80917000,
    "net_income": 13749000,
    "eps_basic": 0.22,
    "eps_diluted": 0.22,
    "dividend": 0,
    "assets": 4588921000,
    "cur_assets": 202973000,
    "cur_liab": 322447000,
    "cash": 123012000,
    "equity": 372005000,
    "cash_flow_op": 316750000,
    "cash_flow_inv": -53035000,
    "cash_flow_fin": -305357000
  },
  {
    "symbol": "OESX",
    "end_date": "2015-09-30",
    "amend": "False",
    "period_focus": "Q2",
    "fiscal_year": 2016,
    "doc_type": "10-Q",
    "revenues": 15728000,
    "op_income": -3566000,
    "net_income": -3600000,
    "eps_basic": -0.13,
    "eps_diluted": -0.13,
    "dividend": 0,
    "assets": 76959000,
    "cur_assets": 46578000,
    "cur_liab": 14531000,
    "cash": 13446000,
    "equity": 58026000,
    "cash_flow_op": -5320000,
    "cash_flow_inv": -190000,
    "cash_flow_fin": -1046000
  },
  {
    "symbol": "OREX",
    "end_date": "2015-09-30",
    "amend": "False",
    "period_focus": "Q3",
    "fiscal_year": 2015,
    "doc_type": "10-Q",
    "revenues": 9974000,
    "op_income": -10946000,
    "net_income": -11141000,
    "eps_basic": -0.09,
    "eps_diluted": -0.09,
    "dividend": 0,
    "assets": 254332000,
    "cur_assets": 251848000,
    "cur_liab": 35447000,
    "cash": 154267000,
    "equity": 46240000,
    "cash_flow_op": -35924000,
    "cash_flow_inv": 21263000,
    "cash_flow_fin": 64030000
  },
  {
    "symbol": "OTIC",
    "end_date": "2015-09-30",
    "amend": "False",
    "period_focus": "Q3",
    "fiscal_year": 2015,
    "doc_type": "10-Q",
    "revenues": "",
    "op_income": -16081000,
    "net_income": -15965000,
    "eps_basic": -0.66,
    "eps_diluted": -0.66,
    "dividend": 0,
    "assets": 208484000,
    "cur_assets": 204449000,
    "cur_liab": 8703000,
    "cash": 176602000,
    "equity": 199617000,
    "cash_flow_op": -36024000,
    "cash_flow_inv": -7946000,
    "cash_flow_fin": 80762000
  },
  {
    "symbol": "OSTK",
    "end_date": "2015-09-30",
    "amend": "False",
    "period_focus": "Q3",
    "fiscal_year": 2015,
    "doc_type": "10-Q",
    "revenues": 391211000,
    "op_income": -3371000,
    "net_income": -2071000,
    "eps_basic": -0.08,
    "eps_diluted": -0.08,
    "dividend": 0,
    "assets": 331806000,
    "cur_assets": 151727000,
    "cur_liab": 176089000,
    "cash": 81268000,
    "equity": 148337000,
    "cash_flow_op": 44930000,
    "cash_flow_inv": -66239000,
    "cash_flow_fin": 2266000
  },
  {
    "symbol": "OTTR",
    "end_date": "2015-09-30",
    "amend": "False",
    "period_focus": "Q3",
    "fiscal_year": 2015,
    "doc_type": "10-Q",
    "revenues": 200023000,
    "op_income": 29626000,
    "net_income": 15392000,
    "eps_basic": 0.41,
    "eps_diluted": 0.41,
    "dividend": 0.3075,
    "assets": 1856502000,
    "cur_assets": 273990000,
    "cur_liab": 237151000,
    "cash": 548000,
    "equity": 597915000,
    "cash_flow_op": 70227000,
    "cash_flow_inv": -119472000,
    "cash_flow_fin": 49803000
  },
  {
    "symbol": "PCBK",
    "end_date": "2015-09-30",
    "amend": "False",
    "period_focus": "Q3",
    "fiscal_year": 2015,
    "doc_type": "10-Q",
    "revenues": 21164000,
    "op_income": "",
    "net_income": 5325000,
    "eps_basic": 0.27,
    "eps_diluted": 0.27,
    "dividend": 0,
    "assets": 1878283000,
    "cur_assets": "",
    "cur_liab": "",
    "cash": 21698000,
    "equity": 216676000,
    "cash_flow_op": 20435000,
    "cash_flow_inv": -117018000,
    "cash_flow_fin": 103787000
  },
  {
    "symbol": "PGEM",
    "end_date": "2015-10-03",
    "amend": "False",
    "period_focus": "Q3",
    "fiscal_year": 2015,
    "doc_type": "10-Q",
    "revenues": 530884000,
    "op_income": 62001000,
    "net_income": 41711000,
    "eps_basic": 0.61,
    "eps_diluted": 0.61,
    "dividend": 0,
    "assets": 1311140000,
    "cur_assets": 513032000,
    "cur_liab": 248421000,
    "cash": 43278000,
    "equity": -80770000,
    "cash_flow_op": 35765000,
    "cash_flow_inv": -41182000,
    "cash_flow_fin": 18976000
  },
  {
    "symbol": "APTS",
    "end_date": "2015-09-30",
    "amend": "False",
    "period_focus": "Q3",
    "fiscal_year": 2015,
    "doc_type": "10-Q",
    "revenues": 29955693,
    "op_income": 4120993,
    "net_income": -6800672,
    "eps_basic": -0.31,
    "eps_diluted": -0.31,
    "dividend": 0.18,
    "assets": 1104840196,
    "cur_assets": "",
    "cur_liab": "",
    "cash": 8046824,
    "equity": 443546594,
    "cash_flow_op": 28188128,
    "cash_flow_inv": -385714185,
    "cash_flow_fin": 362459611
  },
  {
    "symbol": "PGI",
    "end_date": "2015-09-30",
    "amend": "False",
    "period_focus": "Q3",
    "fiscal_year": 2015,
    "doc_type": "10-Q",
    "revenues": 140967000,
    "op_income": 6896000,
    "net_income": 3339000,
    "eps_basic": 0.08,
    "eps_diluted": 0.07,
    "dividend": 0,
    "assets": 760514000,
    "cur_assets": 137135000,
    "cur_liab": 118007000,
    "cash": 19317000,
    "equity": 247674000,
    "cash_flow_op": 41046000,
    "cash_flow_inv": -44407000,
    "cash_flow_fin": -15702000
  },
  {
    "symbol": "PFS",
    "end_date": "2015-09-30",
    "amend": "False",
    "period_focus": "Q3",
    "fiscal_year": 2015,
    "doc_type": "10-Q",
    "revenues": 85123000,
    "op_income": "",
    "net_income": 20609000,
    "eps_basic": 0.33,
    "eps_diluted": 0.33,
    "dividend": 0,
    "assets": 8858588000,
    "cur_assets": "",
    "cur_liab": "",
    "cash": 127105000,
    "equity": 1183973000,
    "cash_flow_op": 85920000,
    "cash_flow_inv": -316954000,
    "cash_flow_fin": 255705000
  },
  {
    "symbol": "PACW",
    "end_date": "2015-09-30",
    "amend": "False",
    "period_focus": "Q3",
    "fiscal_year": 2015,
    "doc_type": "10-Q",
    "revenues": 223430000,
    "op_income": "",
    "net_income": 68967000,
    "eps_basic": 0.68,
    "eps_diluted": 0.68,
    "dividend": 0.5,
    "assets": 16814105000,
    "cur_assets": "",
    "cur_liab": "",
    "cash": 154652000,
    "equity": 3581704000,
    "cash_flow_op": 403277000,
    "cash_flow_inv": -843469000,
    "cash_flow_fin": 363260000
  },
  {
    "symbol": "PTIE",
    "end_date": "2015-09-30",
    "amend": "False",
    "period_focus": "Q3",
    "fiscal_year": 2015,
    "doc_type": "10-Q",
    "revenues": "",
    "op_income": -3686000,
    "net_income": -3671000,
    "eps_basic": -0.08,
    "eps_diluted": -0.08,
    "dividend": 0,
    "assets": 35653000,
    "cur_assets": 35413000,
    "cur_liab": 2586000,
    "cash": 33993000,
    "equity": 33067000,
    "cash_flow_op": -5505000,
    "cash_flow_inv": -1092000,
    "cash_flow_fin": ""
  },
  {
    "symbol": "PRKR",
    "end_date": "2015-09-30",
    "amend": "False",
    "period_focus": "Q3",
    "fiscal_year": 2015,
    "doc_type": "10-Q",
    "revenues": 22492,
    "op_income": "",
    "net_income": -3135516,
    "eps_basic": -0.03,
    "eps_diluted": -0.03,
    "dividend": 0,
    "assets": 10699646,
    "cur_assets": 2349195,
    "cur_liab": 3202076,
    "cash": 305650,
    "equity": 7425674,
    "cash_flow_op": -2139694,
    "cash_flow_inv": 2267016,
    "cash_flow_fin": -45515
  },
  {
    "symbol": "PCYG",
    "end_date": "2015-09-30",
    "amend": "False",
    "period_focus": "Q1",
    "fiscal_year": 2016,
    "doc_type": "10-Q",
    "revenues": 3098631,
    "op_income": -424915,
    "net_income": -606680,
    "eps_basic": -0.03,
    "eps_diluted": -0.03,
    "dividend": 0,
    "assets": 36325689,
    "cur_assets": 13459007,
    "cur_liab": 7900720,
    "cash": 6557084,
    "equity": 28061250,
    "cash_flow_op": -151304,
    "cash_flow_inv": -4657622,
    "cash_flow_fin": 40438
  },
  {
    "symbol": "PKOH",
    "end_date": "2015-09-30",
    "amend": "False",
    "period_focus": "Q3",
    "fiscal_year": 2015,
    "doc_type": "10-Q",
    "revenues": 364400000,
    "op_income": 27400000,
    "net_income": 13200000,
    "eps_basic": 1.07,
    "eps_diluted": 1.06,
    "dividend": 0.125,
    "assets": 1015100000,
    "cur_assets": 615000000,
    "cur_liab": 242200000,
    "cash": 62700000,
    "equity": 222100000,
    "cash_flow_op": 11700000,
    "cash_flow_inv": -31100000,
    "cash_flow_fin": 27000000
  },
  {
    "symbol": "PCMI",
    "end_date": "2015-09-30",
    "amend": "False",
    "period_focus": "Q3",
    "fiscal_year": 2015,
    "doc_type": "10-Q",
    "revenues": 404933000,
    "op_income": 956000,
    "net_income": -785000,
    "eps_basic": -0.07,
    "eps_diluted": -0.07,
    "dividend": 0,
    "assets": 548633000,
    "cur_assets": 388719000,
    "cur_liab": 362341000,
    "cash": 8951000,
    "equity": 124056000,
    "cash_flow_op": -6305000,
    "cash_flow_inv": -36961000,
    "cash_flow_fin": 44369000
  },
  {
    "symbol": "PCTI",
    "end_date": "2015-09-30",
    "amend": "False",
    "period_focus": "Q3",
    "fiscal_year": 2015,
    "doc_type": "10-Q",
    "revenues": 26526000,
    "op_income": -2221000,
    "net_income": -1062000,
    "eps_basic": -0.06,
    "eps_diluted": -0.06,
    "dividend": 0.05,
    "assets": 117217000,
    "cur_assets": 76864000,
    "cur_liab": 12061000,
    "cash": 12887000,
    "equity": 104226000,
    "cash_flow_op": 7801000,
    "cash_flow_inv": -3894000,
    "cash_flow_fin": -11445000
  },
  {
    "symbol": "PDVW",
    "end_date": "2015-09-30",
    "amend": "False",
    "period_focus": "Q2",
    "fiscal_year": 2016,
    "doc_type": "10-Q",
    "revenues": 811458,
    "op_income": -5489176,
    "net_income": -5458633,
    "eps_basic": -0.38,
    "eps_diluted": -0.38,
    "dividend": 0,
    "assets": 282373716,
    "cur_assets": 170033111,
    "cur_liab": 4677488,
    "cash": 169279421,
    "equity": 271684082,
    "cash_flow_op": -10066925,
    "cash_flow_inv": -5359543,
    "cash_flow_fin": 64832221
  },
  {
    "symbol": "PGC",
    "end_date": "2015-09-30",
    "amend": "False",
    "period_focus": "Q3",
    "fiscal_year": 2015,
    "doc_type": "10-Q",
    "revenues": 27316000,
    "op_income": "",
    "net_income": 5383000,
    "eps_basic": 0.35,
    "eps_diluted": 0.35,
    "dividend": 0,
    "assets": 3268963000,
    "cur_assets": "",
    "cur_liab": "",
    "cash": 76198000,
    "equity": 266400000,
    "cash_flow_op": 24935000,
    "cash_flow_inv": -520479000,
    "cash_flow_fin": 540535000
  },
  {
    "symbol": "PBYI",
    "end_date": "2015-09-30",
    "amend": "False",
    "period_focus": "Q3",
    "fiscal_year": 2015,
    "doc_type": "10-Q",
    "revenues": "",
    "op_income": -60733000,
    "net_income": -60417000,
    "eps_basic": -1.87,
    "eps_diluted": -1.87,
    "dividend": 0,
    "assets": 271624000,
    "cur_assets": 254663000,
    "cur_liab": 25331000,
    "cash": 23598000,
    "equity": 244841000,
    "cash_flow_op": -36800000,
    "cash_flow_inv": -125545000,
    "cash_flow_fin": 232041000
  },
  {
    "symbol": "RAX",
    "end_date": "2015-09-30",
    "amend": "False",
    "period_focus": "Q3",
    "fiscal_year": 2015,
    "doc_type": "10-Q",
    "revenues": 508900000,
    "op_income": 56500000,
    "net_income": 36500000,
    "eps_basic": 0.26,
    "eps_diluted": 0.26,
    "dividend": 0,
    "assets": 1753800000,
    "cur_assets": 440700000,
    "cur_liab": 409900000,
    "cash": 189000000,
    "equity": 1049400000,
    "cash_flow_op": 379600000,
    "cash_flow_inv": -336500000,
    "cash_flow_fin": -65500000
  },
  {
    "symbol": "RAS",
    "end_date": "2015-09-30",
    "amend": "False",
    "period_focus": "Q3",
    "fiscal_year": 2015,
    "doc_type": "10-Q",
    "revenues": 74962000,
    "op_income": -12075000,
    "net_income": -6532000,
    "eps_basic": -0.07,
    "eps_diluted": -0.07,
    "dividend": 0,
    "assets": 4286636000,
    "cur_assets": "",
    "cur_liab": "",
    "cash": 92652000,
    "equity": 749144000,
    "cash_flow_op": 59781000,
    "cash_flow_inv": -296352000,
    "cash_flow_fin": 207497000
  },
  {
    "symbol": "RLD",
    "end_date": "2015-09-30",
    "amend": "False",
    "period_focus": "Q2",
    "fiscal_year": 2016,
    "doc_type": "10-Q",
    "revenues": 38452000,
    "op_income": -5888000,
    "net_income": -7916000,
    "eps_basic": -0.15,
    "eps_diluted": -0.15,
    "dividend": 0,
    "assets": 253306000,
    "cur_assets": 134912000,
    "cur_liab": 58154000,
    "cash": 76925000,
    "equity": 152852000,
    "cash_flow_op": 17494000,
    "cash_flow_inv": -8103000,
    "cash_flow_fin": 8159000
  },
  {
    "symbol": "RYN",
    "end_date": "2015-09-30",
    "amend": "False",
    "period_focus": "Q3",
    "fiscal_year": 2015,
    "doc_type": "10-Q",
    "revenues": 151657000,
    "op_income": 27779000,
    "net_income": 19669000,
    "eps_basic": 0.16,
    "eps_diluted": 0.16,
    "dividend": 0.25,
    "assets": 2314460000,
    "cur_assets": 123623000,
    "cur_liab": 81355000,
    "cash": 65755000,
    "equity": 1376217000,
    "cash_flow_op": 143403000,
    "cash_flow_inv": -142871000,
    "cash_flow_fin": -90101000
  },
  {
    "symbol": "PWOD",
    "end_date": "2015-09-30",
    "amend": "False",
    "period_focus": "Q3",
    "fiscal_year": 2015,
    "doc_type": "10-Q",
    "revenues": 14660000,
    "op_income": "",
    "net_income": 3364000,
    "eps_basic": 0.71,
    "eps_diluted": 0.71,
    "dividend": 0.47,
    "assets": 1299292000,
    "cur_assets": "",
    "cur_liab": "",
    "cash": 17304000,
    "equity": 135577000,
    "cash_flow_op": 11309000,
    "cash_flow_inv": -57982000,
    "cash_flow_fin": 45020000
  },
  {
    "symbol": "PFBX",
    "end_date": "2015-09-30",
    "amend": "False",
    "period_focus": "Q3",
    "fiscal_year": 2015,
    "doc_type": "10-Q",
    "revenues": 1684000,
    "op_income": "",
    "net_income": -2553000,
    "eps_basic": -0.5,
    "eps_diluted": -0.5,
    "dividend": 0,
    "assets": 656649000,
    "cur_assets": "",
    "cur_liab": "",
    "cash": 35495000,
    "equity": 91595000,
    "cash_flow_op": 2955000,
    "cash_flow_inv": 18549000,
    "cash_flow_fin": -9565000
  },
  {
    "symbol": "PRCP",
    "end_date": "2015-09-30",
    "amend": "False",
    "period_focus": "Q1",
    "fiscal_year": 2016,
    "doc_type": "10-Q",
    "revenues": 15068000,
    "op_income": -3072000,
    "net_income": -2108000,
    "eps_basic": -0.23,
    "eps_diluted": -0.23,
    "dividend": 0,
    "assets": 88326000,
    "cur_assets": 53738000,
    "cur_liab": 24889000,
    "cash": 9742000,
    "equity": 58595000,
    "cash_flow_op": -929000,
    "cash_flow_inv": -917000,
    "cash_flow_fin": 43000
  },
  {
    "symbol": "PBCT",
    "end_date": "2015-09-30",
    "amend": "False",
    "period_focus": "Q3",
    "fiscal_year": 2015,
    "doc_type": "10-Q",
    "revenues": 357000000,
    "op_income": "",
    "net_income": 68100000,
    "eps_basic": 0.23,
    "eps_diluted": 0.23,
    "dividend": 0,
    "assets": 37477700000,
    "cur_assets": "",
    "cur_liab": "",
    "cash": 300300000,
    "equity": 4730800000,
    "cash_flow_op": 199200000,
    "cash_flow_inv": -1984700000,
    "cash_flow_fin": 1316700000
  },
  {
    "symbol": "PFMT",
    "end_date": "2015-09-30",
    "amend": "False",
    "period_focus": "Q3",
    "fiscal_year": 2015,
    "doc_type": "10-Q",
    "revenues": 38506000,
    "op_income": 2681000,
    "net_income": -314000,
    "eps_basic": -0.01,
    "eps_diluted": -0.01,
    "dividend": 0,
    "assets": 249040000,
    "cur_assets": 113413000,
    "cur_liab": 58426000,
    "cash": 78277000,
    "equity": 90179000,
    "cash_flow_op": 19013000,
    "cash_flow_inv": -4363000,
    "cash_flow_fin": -16671000
  },
  {
    "symbol": "PAHC",
    "end_date": "2015-09-30",
    "amend": "False",
    "period_focus": "Q1",
    "fiscal_year": 2016,
    "doc_type": "10-Q",
    "revenues": 187120000,
    "op_income": 21858000,
    "net_income": 18753000,
    "eps_basic": 0.48,
    "eps_diluted": 0.47,
    "dividend": 0.1,
    "assets": 493478000,
    "cur_assets": 316991000,
    "cur_liab": 108327000,
    "cash": 31817000,
    "equity": 22602000,
    "cash_flow_op": -2394000,
    "cash_flow_inv": -7848000,
    "cash_flow_fin": 13549000
  },
  {
    "symbol": "PFSW",
    "end_date": "2015-09-30",
    "amend": "False",
    "period_focus": "Q3",
    "fiscal_year": 2015,
    "doc_type": "10-Q",
    "revenues": 71183000,
    "op_income": -2726000,
    "net_income": -3670000,
    "eps_basic": -0.21,
    "eps_diluted": -0.21,
    "dividend": 0,
    "assets": 165970000,
    "cur_assets": 85103000,
    "cur_liab": 73880000,
    "cash": 13000000,
    "equity": 43519000,
    "cash_flow_op": 7704000,
    "cash_flow_inv": -37133000,
    "cash_flow_fin": 25335000
  },
  {
    "symbol": "PICO",
    "end_date": "2015-09-30",
    "amend": "False",
    "period_focus": "Q3",
    "fiscal_year": 2015,
    "doc_type": "10-Q",
    "revenues": 78091000,
    "op_income": "",
    "net_income": -14092000,
    "eps_basic": -0.11,
    "eps_diluted": -0.11,
    "dividend": 0,
    "assets": 675826000,
    "cur_assets": "",
    "cur_liab": "",
    "cash": 40154000,
    "equity": 431362000,
    "cash_flow_op": -75522000,
    "cash_flow_inv": 104794000,
    "cash_flow_fin": -50323000
  },
  {
    "symbol": "PNFP",
    "end_date": "2015-09-30",
    "amend": "False",
    "period_focus": "Q3",
    "fiscal_year": 2015,
    "doc_type": "10-Q",
    "revenues": 88602528,
    "op_income": "",
    "net_income": 24148752,
    "eps_basic": 0.64,
    "eps_diluted": 0.62,
    "dividend": 0,
    "assets": 8549063852,
    "cur_assets": "",
    "cur_liab": "",
    "cash": 327038277,
    "equity": 1134225554,
    "cash_flow_op": 34901359,
    "cash_flow_inv": -555582938,
    "cash_flow_fin": 659812346
  },
  {
    "symbol": "PLUG",
    "end_date": "2015-09-30",
    "amend": "False",
    "period_focus": "Q3",
    "fiscal_year": 2015,
    "doc_type": "10-Q",
    "revenues": 31432000,
    "op_income": -12256000,
    "net_income": -10238000,
    "eps_basic": -0.06,
    "eps_diluted": -0.06,
    "dividend": 0,
    "assets": 204618000,
    "cur_assets": 143616000,
    "cur_liab": 33580000,
    "cash": 85009000,
    "equity": 148647000,
    "cash_flow_op": -37296000,
    "cash_flow_inv": -1091000,
    "cash_flow_fin": -22858000
  },
  {
    "symbol": "RGC",
    "end_date": "2015-09-30",
    "amend": "False",
    "period_focus": "Q3",
    "fiscal_year": 2015,
    "doc_type": "10-Q",
    "revenues": 725000000,
    "op_income": 51900000,
    "net_income": 21900000,
    "eps_basic": 0.14,
    "eps_diluted": 0.14,
    "dividend": 0.22,
    "assets": 2409100000,
    "cur_assets": 212000000,
    "cur_liab": 345800000,
    "cash": 99600000,
    "equity": -902000000,
    "cash_flow_op": 216700000,
    "cash_flow_inv": -127100000,
    "cash_flow_fin": -137100000
  },
  {
    "symbol": "PME",
    "end_date": "2015-09-30",
    "amend": "False",
    "period_focus": "Q3",
    "fiscal_year": 2015,
    "doc_type": "10-Q",
    "revenues": 2740981,
    "op_income": -7554212,
    "net_income": 20683627,
    "eps_basic": 0.26,
    "eps_diluted": 0.26,
    "dividend": 0,
    "assets": 265963962,
    "cur_assets": 98214475,
    "cur_liab": 56176854,
    "cash": 21092310,
    "equity": 180214254,
    "cash_flow_op": 45388993,
    "cash_flow_inv": -18189427,
    "cash_flow_fin": -18815044
  },
  {
    "symbol": "RNF",
    "end_date": "2015-09-30",
    "amend": "False",
    "period_focus": "Q3",
    "fiscal_year": 2015,
    "doc_type": "10-Q",
    "revenues": 84323000,
    "op_income": -19949000,
    "net_income": -25720000,
    "eps_basic": -0.66,
    "eps_diluted": -0.66,
    "dividend": 0,
    "assets": 291058000,
    "cur_assets": 89348000,
    "cur_liab": 75655000,
    "cash": 38151000,
    "equity": "",
    "cash_flow_op": 86772000,
    "cash_flow_inv": -23193000,
    "cash_flow_fin": -53456000
  },
  {
    "symbol": "RFP",
    "end_date": "2015-09-30",
    "amend": "False",
    "period_focus": "Q3",
    "fiscal_year": 2015,
    "doc_type": "10-Q",
    "revenues": 905000000,
    "op_income": 6000000,
    "net_income": -6000000,
    "eps_basic": -0.07,
    "eps_diluted": -0.07,
    "dividend": 0,
    "assets": 4548000000,
    "cur_assets": 1368000000,
    "cur_liab": 468000000,
    "cash": 235000000,
    "equity": 2058000000,
    "cash_flow_op": 90000000,
    "cash_flow_inv": -128000000,
    "cash_flow_fin": -62000000
  },
  {
    "symbol": "RRTS",
    "end_date": "2015-09-30",
    "amend": "False",
    "period_focus": "Q3",
    "fiscal_year": 2015,
    "doc_type": "10-Q",
    "revenues": 497173000,
    "op_income": 14359000,
    "net_income": 5791000,
    "eps_basic": 0.15,
    "eps_diluted": 0.15,
    "dividend": 0,
    "assets": 1329358000,
    "cur_assets": 360474000,
    "cur_liab": 170055000,
    "cash": 9071000,
    "equity": 600717000,
    "cash_flow_op": 42462000,
    "cash_flow_inv": -70257000,
    "cash_flow_fin": 25521000
  },
  {
    "symbol": "REXR",
    "end_date": "2015-09-30",
    "amend": "False",
    "period_focus": "Q3",
    "fiscal_year": 2015,
    "doc_type": "10-Q",
    "revenues": 23674000,
    "op_income": "",
    "net_income": 540000,
    "eps_basic": 0.01,
    "eps_diluted": 0.01,
    "dividend": 0.135,
    "assets": 1075242000,
    "cur_assets": "",
    "cur_liab": "",
    "cash": 5083000,
    "equity": 698920000,
    "cash_flow_op": 31560000,
    "cash_flow_inv": -164145000,
    "cash_flow_fin": 129062000
  },
  {
    "symbol": "BPOP",
    "end_date": "2015-09-30",
    "amend": "False",
    "period_focus": "Q3",
    "fiscal_year": 2015,
    "doc_type": "10-Q",
    "revenues": 21913000,
    "op_income": "",
    "net_income": 84709000,
    "eps_basic": 0.82,
    "eps_diluted": 0.82,
    "dividend": 0.15,
    "assets": 35530794000,
    "cur_assets": "",
    "cur_liab": "",
    "cash": 320555000,
    "equity": 5049636000,
    "cash_flow_op": 420748000,
    "cash_flow_inv": 598919000,
    "cash_flow_fin": -1080207000
  },
  {
    "symbol": "PTLA",
    "end_date": "2015-09-30",
    "amend": "False",
    "period_focus": "Q3",
    "fiscal_year": 2015,
    "doc_type": "10-Q",
    "revenues": 20726000,
    "op_income": -55564000,
    "net_income": -55158000,
    "eps_basic": -1.05,
    "eps_diluted": -1.05,
    "dividend": 0,
    "assets": 394860000,
    "cur_assets": 376467000,
    "cur_liab": 49158000,
    "cash": 77722000,
    "equity": 322908000,
    "cash_flow_op": -150067000,
    "cash_flow_inv": 51117000,
    "cash_flow_fin": 119158000
  },
  {
    "symbol": "PSIX",
    "end_date": "2015-09-30",
    "amend": "False",
    "period_focus": "Q3",
    "fiscal_year": 2015,
    "doc_type": "10-Q",
    "revenues": 4824000,
    "op_income": 1388000,
    "net_income": 9109000,
    "eps_basic": 1.68,
    "eps_diluted": 0.06,
    "dividend": 0,
    "assets": 330072000,
    "cur_assets": 221391000,
    "cur_liab": 65525000,
    "cash": 12253000,
    "equity": 104333000,
    "cash_flow_op": -22588000,
    "cash_flow_inv": -42057000,
    "cash_flow_fin": 70337000
  },
  {
    "symbol": "POZN",
    "end_date": "2015-09-30",
    "amend": "False",
    "period_focus": "Q3",
    "fiscal_year": 2015,
    "doc_type": "10-Q",
    "revenues": 5820184,
    "op_income": "",
    "net_income": -8149132,
    "eps_basic": -0.25,
    "eps_diluted": -0.25,
    "dividend": 0,
    "assets": 43230215,
    "cur_assets": 43208100,
    "cur_liab": 13052834,
    "cash": 36991056,
    "equity": 29046364,
    "cash_flow_op": -7152302,
    "cash_flow_inv": 2471962,
    "cash_flow_fin": 1088981
  },
  {
    "symbol": "PLPC",
    "end_date": "2015-09-30",
    "amend": "False",
    "period_focus": "Q3",
    "fiscal_year": 2015,
    "doc_type": "10-Q",
    "revenues": -5755000,
    "op_income": 2086000,
    "net_income": 206000,
    "eps_basic": 0.04,
    "eps_diluted": 0.04,
    "dividend": 0.2,
    "assets": 331721000,
    "cur_assets": 193505000,
    "cur_liab": 55758000,
    "cash": 26870000,
    "equity": 220586000,
    "cash_flow_op": 7872000,
    "cash_flow_inv": -8211000,
    "cash_flow_fin": -6853000
  },
  {
    "symbol": "PFBI",
    "end_date": "2015-09-30",
    "amend": "False",
    "period_focus": "Q3",
    "fiscal_year": 2015,
    "doc_type": "10-Q",
    "revenues": 15584000,
    "op_income": "",
    "net_income": 3325000,
    "eps_basic": 0.41,
    "eps_diluted": 0.4,
    "dividend": 0.15,
    "assets": 1263244000,
    "cur_assets": "",
    "cur_liab": "",
    "cash": 111851000,
    "equity": 147062000,
    "cash_flow_op": 12582000,
    "cash_flow_inv": 23811000,
    "cash_flow_fin": 74000
  },
  {
    "symbol": "PINC",
    "end_date": "2015-09-30",
    "amend": "False",
    "period_focus": "Q1",
    "fiscal_year": 2016,
    "doc_type": "10-Q",
    "revenues": 270835000,
    "op_income": 68271000,
    "net_income": -47900000,
    "eps_basic": 12.49,
    "eps_diluted": 0.24,
    "dividend": 0,
    "assets": 1692276000,
    "cur_assets": 363466000,
    "cur_liab": 246706000,
    "cash": 109835000,
    "equity": -2629311000,
    "cash_flow_op": 22719000,
    "cash_flow_inv": -186629000,
    "cash_flow_fin": 127223000
  },
  {
    "symbol": "SN",
    "end_date": "2015-09-30",
    "amend": "False",
    "period_focus": "Q3",
    "fiscal_year": 2015,
    "doc_type": "10-Q",
    "revenues": 114526000,
    "op_income": -488503000,
    "net_income": -420851000,
    "eps_basic": -7.33,
    "eps_diluted": -7.33,
    "dividend": 0,
    "assets": 1532220000,
    "cur_assets": 388223000,
    "cur_liab": 216292000,
    "cash": 196884000,
    "equity": -473577000,
    "cash_flow_op": 228638000,
    "cash_flow_inv": -493095000,
    "cash_flow_fin": -12373000
  },
  {
    "symbol": "SNI",
    "end_date": "2015-09-30",
    "amend": "False",
    "period_focus": "Q3",
    "fiscal_year": 2015,
    "doc_type": "10-Q",
    "revenues": 776122000,
    "op_income": 270996000,
    "net_income": 124559000,
    "eps_basic": 0.96,
    "eps_diluted": 0.96,
    "dividend": 0,
    "assets": 6731655000,
    "cur_assets": 1684478000,
    "cur_liab": 508581000,
    "cash": 247352000,
    "equity": 1764841000,
    "cash_flow_op": 658520000,
    "cash_flow_inv": -589517000,
    "cash_flow_fin": -691186000
  },
  {
    "symbol": "PFIE",
    "end_date": "2015-09-30",
    "amend": "False",
    "period_focus": "Q2",
    "fiscal_year": 2016,
    "doc_type": "10-Q",
    "revenues": 8097294,
    "op_income": 675107,
    "net_income": 778907,
    "eps_basic": 0.01,
    "eps_diluted": 0.01,
    "dividend": 0,
    "assets": 46866043,
    "cur_assets": 36070451,
    "cur_liab": 1877316,
    "cash": 18954290,
    "equity": 44359495,
    "cash_flow_op": 5141171,
    "cash_flow_inv": 91363,
    "cash_flow_fin": -39243
  },
  {
    "symbol": "PDEX",
    "end_date": "2015-09-30",
    "amend": "False",
    "period_focus": "Q1",
    "fiscal_year": 2016,
    "doc_type": "10-Q",
    "revenues": 4097000,
    "op_income": -119000,
    "net_income": -125000,
    "eps_basic": -0.03,
    "eps_diluted": -0.03,
    "dividend": 0,
    "assets": 12270000,
    "cur_assets": 8273000,
    "cur_liab": 3614000,
    "cash": 493000,
    "equity": 8360000,
    "cash_flow_op": -637000,
    "cash_flow_inv": -58000,
    "cash_flow_fin": 491000
  },
  {
    "symbol": "PGNX",
    "end_date": "2015-09-30",
    "amend": "False",
    "period_focus": "Q3",
    "fiscal_year": 2015,
    "doc_type": "10-Q",
    "revenues": 1396000,
    "op_income": -10024000,
    "net_income": -10014000,
    "eps_basic": -0.14,
    "eps_diluted": -0.14,
    "dividend": 0,
    "assets": 136912000,
    "cur_assets": 97924000,
    "cur_liab": 9942000,
    "cash": 90438000,
    "equity": 96664000,
    "cash_flow_op": -29651000,
    "cash_flow_inv": -228000,
    "cash_flow_fin": 1015000
  },
  {
    "symbol": "PROV",
    "end_date": "2015-09-30",
    "amend": "False",
    "period_focus": "Q1",
    "fiscal_year": 2016,
    "doc_type": "10-Q",
    "revenues": 20306000,
    "op_income": "",
    "net_income": 2443000,
    "eps_basic": 0.29,
    "eps_diluted": 0.28,
    "dividend": 0.12,
    "assets": 1177237000,
    "cur_assets": "",
    "cur_liab": "",
    "cash": 156146000,
    "equity": 139254000,
    "cash_flow_op": 70232000,
    "cash_flow_inv": 8331000,
    "cash_flow_fin": -3820000
  },
  {
    "symbol": "PTCT",
    "end_date": "2015-09-30",
    "amend": "False",
    "period_focus": "Q3",
    "fiscal_year": 2015,
    "doc_type": "10-Q",
    "revenues": 9776000,
    "op_income": -42232000,
    "net_income": -43223000,
    "eps_basic": -1.27,
    "eps_diluted": -1.27,
    "dividend": 0,
    "assets": 396100000,
    "cur_assets": 384164000,
    "cur_liab": 31695000,
    "cash": 140712000,
    "equity": 269151000,
    "cash_flow_op": -94005000,
    "cash_flow_inv": 31019000,
    "cash_flow_fin": 154039000
  },
  {
    "symbol": "PCYO",
    "end_date": "2015-08-31",
    "amend": "False",
    "period_focus": "FY",
    "fiscal_year": 2015,
    "doc_type": "10-K",
    "revenues": 2323724,
    "op_income": -1436263,
    "net_income": -23127947,
    "eps_basic": -0.96,
    "eps_diluted": -0.96,
    "dividend": 0,
    "assets": 73060913,
    "cur_assets": 39580939,
    "cur_liab": 1499065,
    "cash": 37089041,
    "equity": 70085548,
    "cash_flow_op": -974066,
    "cash_flow_inv": 42531710,
    "cash_flow_fin": -6218161
  },
  {
    "symbol": "QTWW",
    "end_date": "2015-06-30",
    "amend": "False",
    "period_focus": "Q2",
    "fiscal_year": 2015,
    "doc_type": "10-Q",
    "revenues": 10683707,
    "op_income": -3711670,
    "net_income": -4082519,
    "eps_basic": -0.15,
    "eps_diluted": -0.15,
    "dividend": 0,
    "assets": 70941652,
    "cur_assets": 28666319,
    "cur_liab": 16906526,
    "cash": 6275794,
    "equity": 26832152,
    "cash_flow_op": -9115390,
    "cash_flow_inv": -725211,
    "cash_flow_fin": 11651628
  },
  {
    "symbol": "QNST",
    "end_date": "2015-09-30",
    "amend": "False",
    "period_focus": "Q1",
    "fiscal_year": 2016,
    "doc_type": "10-Q",
    "revenues": 72389000,
    "op_income": -5530000,
    "net_income": -6079000,
    "eps_basic": -0.14,
    "eps_diluted": -0.14,
    "dividend": 0,
    "assets": 197215000,
    "cur_assets": 112748000,
    "cur_liab": 45863000,
    "cash": 60660000,
    "equity": 130711000,
    "cash_flow_op": 3243000,
    "cash_flow_inv": -1725000,
    "cash_flow_fin": -1323000
  },
  {
    "symbol": "ROIA",
    "end_date": "2015-09-30",
    "amend": "False",
    "period_focus": "Q3",
    "fiscal_year": 2015,
    "doc_type": "10-Q",
    "revenues": 115893000,
    "op_income": 7092000,
    "net_income": -18145000,
    "eps_basic": -0.38,
    "eps_diluted": -0.38,
    "dividend": 0,
    "assets": 1363288000,
    "cur_assets": 201269000,
    "cur_liab": 67487000,
    "cash": 59158000,
    "equity": -47625000,
    "cash_flow_op": 30851000,
    "cash_flow_inv": -218597000,
    "cash_flow_fin": 179123000
  },
  {
    "symbol": "QUMU",
    "end_date": "2015-09-30",
    "amend": "False",
    "period_focus": "Q3",
    "fiscal_year": 2015,
    "doc_type": "10-Q",
    "revenues": 9602000,
    "op_income": -7375000,
    "net_income": -7232000,
    "eps_basic": -0.79,
    "eps_diluted": -0.79,
    "dividend": 0,
    "assets": 55413000,
    "cur_assets": 28441000,
    "cur_liab": 16250000,
    "cash": 4029000,
    "equity": 35278000,
    "cash_flow_op": -21662000,
    "cash_flow_inv": 14227000,
    "cash_flow_fin": -145000
  },
  {
    "symbol": "RDNT",
    "end_date": "2015-09-30",
    "amend": "False",
    "period_focus": "Q3",
    "fiscal_year": 2015,
    "doc_type": "10-Q",
    "revenues": 208366000,
    "op_income": 17229000,
    "net_income": 7987000,
    "eps_basic": 0.18,
    "eps_diluted": 0.18,
    "dividend": 0,
    "assets": 808875000,
    "cur_assets": 256303000,
    "cur_liab": 136496000,
    "cash": 36054000,
    "equity": 26337000,
    "cash_flow_op": 40065000,
    "cash_flow_inv": -43647000,
    "cash_flow_fin": 39363000
  },
  {
    "symbol": "RLOC",
    "end_date": "2015-09-30",
    "amend": "False",
    "period_focus": "Q3",
    "fiscal_year": 2015,
    "doc_type": "10-Q",
    "revenues": 95282000,
    "op_income": -34063000,
    "net_income": -35637000,
    "eps_basic": -1.22,
    "eps_diluted": -1.22,
    "dividend": 0,
    "assets": 127132000,
    "cur_assets": 33059000,
    "cur_liab": 96153000,
    "cash": 17813000,
    "equity": -10000,
    "cash_flow_op": -19771000,
    "cash_flow_inv": -10589000,
    "cash_flow_fin": 5975000
  },
  {
    "symbol": "RNWK",
    "end_date": "2015-09-30",
    "amend": "False",
    "period_focus": "Q3",
    "fiscal_year": 2015,
    "doc_type": "10-Q",
    "revenues": 30823000,
    "op_income": -21962000,
    "net_income": -21184000,
    "eps_basic": -0.59,
    "eps_diluted": -0.59,
    "dividend": 0,
    "assets": 175664000,
    "cur_assets": 139694000,
    "cur_liab": 44983000,
    "cash": 61831000,
    "equity": 127562000,
    "cash_flow_op": -55969000,
    "cash_flow_inv": 17229000,
    "cash_flow_fin": 228000
  },
  {
    "symbol": "RGSE",
    "end_date": "2015-09-30",
    "amend": "False",
    "period_focus": "Q3",
    "fiscal_year": 2015,
    "doc_type": "10-Q",
    "revenues": 10438000,
    "op_income": -4485000,
    "net_income": -4278000,
    "eps_basic": -0.32,
    "eps_diluted": -0.32,
    "dividend": 0,
    "assets": 22703000,
    "cur_assets": 17975000,
    "cur_liab": 18908000,
    "cash": 1241000,
    "equity": 2964000,
    "cash_flow_op": -14159000,
    "cash_flow_inv": 31000,
    "cash_flow_fin": 13422000
  },
  {
    "symbol": "RELY",
    "end_date": "2015-09-30",
    "amend": "False",
    "period_focus": "Q3",
    "fiscal_year": 2015,
    "doc_type": "10-Q",
    "revenues": 338600000,
    "op_income": 7400000,
    "net_income": 500000,
    "eps_basic": 0.02,
    "eps_diluted": 0.02,
    "dividend": 0,
    "assets": 763200000,
    "cur_assets": 326800000,
    "cur_liab": 162400000,
    "cash": 44900000,
    "equity": 144800000,
    "cash_flow_op": 61700000,
    "cash_flow_inv": -469900000,
    "cash_flow_fin": 390200000
  },
  {
    "symbol": "BID",
    "end_date": "2015-09-30",
    "amend": "False",
    "period_focus": "Q3",
    "fiscal_year": 2015,
    "doc_type": "10-Q",
    "revenues": 137992000,
    "op_income": -21707000,
    "net_income": -17894000,
    "eps_basic": -0.26,
    "eps_diluted": -0.26,
    "dividend": 0.001,
    "assets": 2507224000,
    "cur_assets": 1267846000,
    "cur_liab": 447131000,
    "cash": 602051000,
    "equity": 787513000,
    "cash_flow_op": -96652000,
    "cash_flow_inv": -62758000,
    "cash_flow_fin": 72209000
  },
  {
    "symbol": "SLG",
    "end_date": "2015-09-30",
    "amend": "False",
    "period_focus": "Q3",
    "fiscal_year": 2015,
    "doc_type": "10-Q",
    "revenues": 432066000,
    "op_income": "",
    "net_income": 163658000,
    "eps_basic": 1.64,
    "eps_diluted": 1.64,
    "dividend": 0.6,
    "assets": 19490569000,
    "cur_assets": "",
    "cur_liab": "",
    "cash": 244360000,
    "equity": 7671758000,
    "cash_flow_op": 322999000,
    "cash_flow_inv": -1986426000,
    "cash_flow_fin": 1626378000
  },
  {
    "symbol": "SWI",
    "end_date": "2015-09-30",
    "amend": "False",
    "period_focus": "Q3",
    "fiscal_year": 2015,
    "doc_type": "10-Q",
    "revenues": 131625000,
    "op_income": 36524000,
    "net_income": 27013000,
    "eps_basic": 0.37,
    "eps_diluted": 0.36,
    "dividend": 0,
    "assets": 827757000,
    "cur_assets": 265962000,
    "cur_liab": 303202000,
    "cash": 172591000,
    "equity": 483815000,
    "cash_flow_op": 150297000,
    "cash_flow_inv": -100440000,
    "cash_flow_fin": -109451000
  },
  {
    "symbol": "AOS",
    "end_date": "2015-09-30",
    "amend": "False",
    "period_focus": "Q3",
    "fiscal_year": 2015,
    "doc_type": "10-Q",
    "revenues": 625100000,
    "op_income": 117900000,
    "net_income": 73600000,
    "eps_basic": 0.83,
    "eps_diluted": 0.82,
    "dividend": 0.19,
    "assets": 2600200000,
    "cur_assets": 1413800000,
    "cur_liab": 624100000,
    "cash": 282900000,
    "equity": 1422400000,
    "cash_flow_op": 231300000,
    "cash_flow_inv": -161500000,
    "cash_flow_fin": -106300000
  },
  {
    "symbol": "SLH",
    "end_date": "2015-09-30",
    "amend": "False",
    "period_focus": "Q1",
    "fiscal_year": 2016,
    "doc_type": "10-Q",
    "revenues": 313322000,
    "op_income": "",
    "net_income": -67032000,
    "eps_basic": -1,
    "eps_diluted": -1,
    "dividend": 0,
    "assets": 3754671000,
    "cur_assets": 745345000,
    "cur_liab": 366945000,
    "cash": 494880000,
    "equity": -96493000,
    "cash_flow_op": 17349000,
    "cash_flow_inv": -19686000,
    "cash_flow_fin": 7575000
  },
  {
    "symbol": "S",
    "end_date": "2015-09-30",
    "amend": "False",
    "period_focus": "Q2",
    "fiscal_year": 2015,
    "doc_type": "10-Q",
    "revenues": 7975000000,
    "op_income": -2000000,
    "net_income": -585000000,
    "eps_basic": -0.15,
    "eps_diluted": -0.15,
    "dividend": 0,
    "assets": 80851000000,
    "cur_assets": 7096000000,
    "cur_liab": 9255000000,
    "cash": 1972000000,
    "equity": 21157000000,
    "cash_flow_op": 1797000000,
    "cash_flow_inv": -4080000000,
    "cash_flow_fin": 245000000
  },
  {
    "symbol": "STJ",
    "end_date": "2015-10-03",
    "amend": "False",
    "period_focus": "Q3",
    "fiscal_year": 2015,
    "doc_type": "10-Q",
    "revenues": 1339000000,
    "op_income": 294000000,
    "net_income": 215000000,
    "eps_basic": 0.76,
    "eps_diluted": 0.75,
    "dividend": 0.29,
    "assets": 11125000000,
    "cur_assets": 4991000000,
    "cur_liab": 2858000000,
    "cash": 2535000000,
    "equity": 3997000000,
    "cash_flow_op": 852000000,
    "cash_flow_inv": -116000000,
    "cash_flow_fin": 396000000
  },
  {
    "symbol": "LEAF",
    "end_date": "2015-09-30",
    "amend": "False",
    "period_focus": "Q3",
    "fiscal_year": 2015,
    "doc_type": "10-Q",
    "revenues": 479000000,
    "op_income": "",
    "net_income": -11000000,
    "eps_basic": -0.08,
    "eps_diluted": -0.08,
    "dividend": 0,
    "assets": 13284000000,
    "cur_assets": "",
    "cur_liab": "",
    "cash": 3865000000,
    "equity": 2829000000,
    "cash_flow_op": 395000000,
    "cash_flow_inv": 593000000,
    "cash_flow_fin": 1998000000
  },
  {
    "symbol": "REGI",
    "end_date": "2015-09-30",
    "amend": "False",
    "period_focus": "Q3",
    "fiscal_year": 2015,
    "doc_type": "10-Q",
    "revenues": 394856000,
    "op_income": -17590000,
    "net_income": -15675000,
    "eps_basic": -0.36,
    "eps_diluted": -0.36,
    "dividend": 0,
    "assets": 1172227000,
    "cur_assets": 255105000,
    "cur_liab": 134660000,
    "cash": 66817000,
    "equity": 713331000,
    "cash_flow_op": 99057000,
    "cash_flow_inv": -73315000,
    "cash_flow_fin": -21348000
  },
  {
    "symbol": "RCII",
    "end_date": "2015-09-30",
    "amend": "False",
    "period_focus": "Q3",
    "fiscal_year": 2015,
    "doc_type": "10-Q",
    "revenues": 791605000,
    "op_income": 6565000,
    "net_income": -4092000,
    "eps_basic": -0.08,
    "eps_diluted": -0.08,
    "dividend": 0.24,
    "assets": 3038956000,
    "cur_assets": "",
    "cur_liab": "",
    "cash": 60072000,
    "equity": 1402298000,
    "cash_flow_op": 249295000,
    "cash_flow_inv": -68023000,
    "cash_flow_fin": -165221000
  },
  {
    "symbol": "RNST",
    "end_date": "2015-09-30",
    "amend": "False",
    "period_focus": "Q3",
    "fiscal_year": 2015,
    "doc_type": "10-Q",
    "revenues": 106417000,
    "op_income": "",
    "net_income": 16220000,
    "eps_basic": 0.4,
    "eps_diluted": 0.4,
    "dividend": 0.17,
    "assets": 7918732000,
    "cur_assets": "",
    "cur_liab": "",
    "cash": 128758000,
    "equity": 1032699000,
    "cash_flow_op": 129170000,
    "cash_flow_inv": -139531000,
    "cash_flow_fin": 52627000
  },
  {
    "symbol": "RTK",
    "end_date": "2015-09-30",
    "amend": "False",
    "period_focus": "Q3",
    "fiscal_year": 2015,
    "doc_type": "10-Q",
    "revenues": 80348000,
    "op_income": -42053000,
    "net_income": -24344000,
    "eps_basic": -1.06,
    "eps_diluted": -1.06,
    "dividend": 0,
    "assets": 726870000,
    "cur_assets": 169742000,
    "cur_liab": 133927000,
    "cash": 52231000,
    "equity": -30565000,
    "cash_flow_op": 81782000,
    "cash_flow_inv": -67241000,
    "cash_flow_fin": 22611000
  },
  {
    "symbol": "RVNC",
    "end_date": "2015-09-30",
    "amend": "False",
    "period_focus": "Q3",
    "fiscal_year": 2015,
    "doc_type": "10-Q",
    "revenues": 75000,
    "op_income": -18768000,
    "net_income": -19175000,
    "eps_basic": -0.81,
    "eps_diluted": -0.81,
    "dividend": 0,
    "assets": 165514000,
    "cur_assets": 143497000,
    "cur_liab": 11739000,
    "cash": 90494000,
    "equity": 142356000,
    "cash_flow_op": -39218000,
    "cash_flow_inv": -56861000,
    "cash_flow_fin": 15541000
  },
  {
    "symbol": "RPRX",
    "end_date": "2015-09-30",
    "amend": "False",
    "period_focus": "Q3",
    "fiscal_year": 2015,
    "doc_type": "10-Q",
    "revenues": 1000,
    "op_income": "",
    "net_income": -6605000,
    "eps_basic": -0.27,
    "eps_diluted": -0.27,
    "dividend": 0,
    "assets": 26512000,
    "cur_assets": 26501000,
    "cur_liab": 2491000,
    "cash": 26190000,
    "equity": 24021000,
    "cash_flow_op": -20532000,
    "cash_flow_inv": 0,
    "cash_flow_fin": 102000
  },
  {
    "symbol": "REXI",
    "end_date": "2015-09-30",
    "amend": "False",
    "period_focus": "Q3",
    "fiscal_year": 2015,
    "doc_type": "10-Q",
    "revenues": 40677000,
    "op_income": 8577000,
    "net_income": -1100000,
    "eps_basic": -0.05,
    "eps_diluted": -0.05,
    "dividend": 0,
    "assets": 2943994000,
    "cur_assets": "",
    "cur_liab": "",
    "cash": 18102000,
    "equity": 967561000,
    "cash_flow_op": 22447000,
    "cash_flow_inv": -28172000,
    "cash_flow_fin": -3715000
  },
  {
    "symbol": "REXX",
    "end_date": "2015-09-30",
    "amend": "False",
    "period_focus": "Q3",
    "fiscal_year": 2015,
    "doc_type": "10-Q",
    "revenues": 37573000,
    "op_income": -166113000,
    "net_income": -97090000,
    "eps_basic": -1.8,
    "eps_diluted": -1.8,
    "dividend": 0,
    "assets": 1146775000,
    "cur_assets": 63670000,
    "cur_liab": 93594000,
    "cash": 3150000,
    "equity": 259065000,
    "cash_flow_op": 13419000,
    "cash_flow_inv": -96802000,
    "cash_flow_fin": 68437000
  },
  {
    "symbol": "NAME",
    "end_date": "2015-09-30",
    "amend": "False",
    "period_focus": "Q3",
    "fiscal_year": 2015,
    "doc_type": "10-Q",
    "revenues": 54119000,
    "op_income": "",
    "net_income": -3404000,
    "eps_basic": -0.18,
    "eps_diluted": -0.18,
    "dividend": 0,
    "assets": 352393000,
    "cur_assets": 141839000,
    "cur_liab": 161240000,
    "cash": 45856000,
    "equity": 146051000,
    "cash_flow_op": 2902000,
    "cash_flow_inv": -4887000,
    "cash_flow_fin": -1902000
  },
  {
    "symbol": "RNET",
    "end_date": "2015-09-30",
    "amend": "False",
    "period_focus": "Q3",
    "fiscal_year": 2015,
    "doc_type": "10-Q",
    "revenues": 66318000,
    "op_income": -8226000,
    "net_income": -10944000,
    "eps_basic": -0.62,
    "eps_diluted": -0.62,
    "dividend": 0,
    "assets": 275461000,
    "cur_assets": 156705000,
    "cur_liab": 40018000,
    "cash": 64795000,
    "equity": 134377000,
    "cash_flow_op": 27045000,
    "cash_flow_inv": -21307000,
    "cash_flow_fin": -5524000
  },
  {
    "symbol": "SRT",
    "end_date": "2015-09-30",
    "amend": "False",
    "period_focus": "Q3",
    "fiscal_year": 2015,
    "doc_type": "10-Q",
    "revenues": 31342000,
    "op_income": -7065000,
    "net_income": -7705000,
    "eps_basic": -0.49,
    "eps_diluted": -0.49,
    "dividend": 0,
    "assets": 112744000,
    "cur_assets": 57555000,
    "cur_liab": 60615000,
    "cash": 814000,
    "equity": 40942000,
    "cash_flow_op": -3370000,
    "cash_flow_inv": -24427000,
    "cash_flow_fin": 22963000
  },
  {
    "symbol": "STON",
    "end_date": "2015-09-30",
    "amend": "False",
    "period_focus": "Q3",
    "fiscal_year": 2015,
    "doc_type": "10-Q",
    "revenues": 78200000,
    "op_income": 4127000,
    "net_income": -3402000,
    "eps_basic": -0.14,
    "eps_diluted": -0.14,
    "dividend": 0,
    "assets": 1681700000,
    "cur_assets": 118403000,
    "cur_liab": 45610000,
    "cash": 11792000,
    "equity": "",
    "cash_flow_op": 12030000,
    "cash_flow_inv": -24133000,
    "cash_flow_fin": 13494000
  },
  {
    "symbol": "SMLP",
    "end_date": "2015-09-30",
    "amend": "False",
    "period_focus": "Q3",
    "fiscal_year": 2015,
    "doc_type": "10-Q",
    "revenues": 103249000,
    "op_income": "",
    "net_income": 23604000,
    "eps_basic": 0.64,
    "eps_diluted": 0.64,
    "dividend": 0,
    "assets": 2232182000,
    "cur_assets": 55134000,
    "cur_liab": 43927000,
    "cash": 5459000,
    "equity": "",
    "cash_flow_op": 121889000,
    "cash_flow_inv": -377670000,
    "cash_flow_fin": 234736000
  },
  {
    "symbol": "SUNE",
    "end_date": "2015-09-30",
    "amend": "False",
    "period_focus": "Q3",
    "fiscal_year": 2015,
    "doc_type": "10-Q",
    "revenues": 476000000,
    "op_income": -310000000,
    "net_income": -284000000,
    "eps_basic": -0.91,
    "eps_diluted": -0.92,
    "dividend": 0,
    "assets": 20714000000,
    "cur_assets": 5785000000,
    "cur_liab": 5130000000,
    "cash": 2393000000,
    "equity": 4504000000,
    "cash_flow_op": -1136000000,
    "cash_flow_inv": -4632000000,
    "cash_flow_fin": 7288000000
  },
  {
    "symbol": "RTTR",
    "end_date": "2015-09-30",
    "amend": "False",
    "period_focus": "Q3",
    "fiscal_year": 2015,
    "doc_type": "10-Q",
    "revenues": "",
    "op_income": -3108665,
    "net_income": -3080222,
    "eps_basic": -0.4,
    "eps_diluted": -0.4,
    "dividend": 0,
    "assets": 16577688,
    "cur_assets": 16547814,
    "cur_liab": 1133062,
    "cash": 16244741,
    "equity": 15444626,
    "cash_flow_op": -4302569,
    "cash_flow_inv": -10100,
    "cash_flow_fin": 17810162
  },
  {
    "symbol": "RMTI",
    "end_date": "2015-09-30",
    "amend": "False",
    "period_focus": "Q3",
    "fiscal_year": 2015,
    "doc_type": "10-Q",
    "revenues": 14378528,
    "op_income": -2571225,
    "net_income": -2414553,
    "eps_basic": -0.05,
    "eps_diluted": -0.05,
    "dividend": 0,
    "assets": 90916015,
    "cur_assets": 87903837,
    "cur_liab": 8473721,
    "cash": 33172740,
    "equity": 64429455,
    "cash_flow_op": -13539644,
    "cash_flow_inv": -20663400,
    "cash_flow_fin": 1575333
  },
  {
    "symbol": "RIVR",
    "end_date": "2015-09-30",
    "amend": "False",
    "period_focus": "Q3",
    "fiscal_year": 2015,
    "doc_type": "10-Q",
    "revenues": 6065000,
    "op_income": "",
    "net_income": 1287000,
    "eps_basic": 0.51,
    "eps_diluted": 0.51,
    "dividend": 0.23,
    "assets": 513702000,
    "cur_assets": "",
    "cur_liab": "",
    "cash": 15177000,
    "equity": 55645000,
    "cash_flow_op": 7539000,
    "cash_flow_inv": -3823000,
    "cash_flow_fin": -1803000
  },
  {
    "symbol": "RUSHA",
    "end_date": "2015-09-30",
    "amend": "False",
    "period_focus": "Q3",
    "fiscal_year": 2015,
    "doc_type": "10-Q",
    "revenues": 872106000,
    "op_income": 36030000,
    "net_income": 19883000,
    "eps_basic": 0.49,
    "eps_diluted": 0.48,
    "dividend": 0,
    "assets": 2870490000,
    "cur_assets": 1431092000,
    "cur_liab": 1344726000,
    "cash": 64918000,
    "equity": 832180000,
    "cash_flow_op": 99466000,
    "cash_flow_inv": -315404000,
    "cash_flow_fin": 89393000
  },
  {
    "symbol": "RBCN",
    "end_date": "2015-09-30",
    "amend": "False",
    "period_focus": "Q3",
    "fiscal_year": 2015,
    "doc_type": "10-Q",
    "revenues": 5346000,
    "op_income": -47370000,
    "net_income": -48196000,
    "eps_basic": -1.84,
    "eps_diluted": -1.84,
    "dividend": 0,
    "assets": 128953000,
    "cur_assets": 68382000,
    "cur_liab": 4556000,
    "cash": 21428000,
    "equity": 124388000,
    "cash_flow_op": -11905000,
    "cash_flow_inv": 7100000,
    "cash_flow_fin": 12000
  },
  {
    "symbol": "SBRA",
    "end_date": "2015-09-30",
    "amend": "False",
    "period_focus": "Q3",
    "fiscal_year": 2015,
    "doc_type": "10-Q",
    "revenues": 59934000,
    "op_income": "",
    "net_income": 15500000,
    "eps_basic": 0.24,
    "eps_diluted": 0.24,
    "dividend": 0,
    "assets": 2425453000,
    "cur_assets": "",
    "cur_liab": "",
    "cash": 31473000,
    "equity": 1059244000,
    "cash_flow_op": 79115000,
    "cash_flow_inv": -402681000,
    "cash_flow_fin": 293477000
  },
  {
    "symbol": "SALM",
    "end_date": "2015-09-30",
    "amend": "False",
    "period_focus": "Q3",
    "fiscal_year": 2015,
    "doc_type": "10-Q",
    "revenues": 67491000,
    "op_income": 8800000,
    "net_income": 2077000,
    "eps_basic": 0.08,
    "eps_diluted": 0.08,
    "dividend": 0.07,
    "assets": 594892000,
    "cur_assets": 57215000,
    "cur_liab": 47413000,
    "cash": 186000,
    "equity": 206018000,
    "cash_flow_op": 25432000,
    "cash_flow_inv": -22598000,
    "cash_flow_fin": -2681000
  },
  {
    "symbol": "SBAC",
    "end_date": "2015-09-30",
    "amend": "False",
    "period_focus": "Q3",
    "fiscal_year": 2015,
    "doc_type": "10-Q",
    "revenues": 410735000,
    "op_income": 43083000,
    "net_income": -155946000,
    "eps_basic": -1.23,
    "eps_diluted": -1.23,
    "dividend": 0,
    "assets": 7396757000,
    "cur_assets": 334871000,
    "cur_liab": 288267000,
    "cash": 73271000,
    "equity": -1697656000,
    "cash_flow_op": 534737000,
    "cash_flow_inv": -566731000,
    "cash_flow_fin": 78513000
  },
  {
    "symbol": "DATA",
    "end_date": "2015-09-30",
    "amend": "False",
    "period_focus": "Q3",
    "fiscal_year": 2015,
    "doc_type": "10-Q",
    "revenues": 170832000,
    "op_income": -13177000,
    "net_income": -13373000,
    "eps_basic": -0.19,
    "eps_diluted": -0.19,
    "dividend": 0,
    "assets": 992781000,
    "cur_assets": 910437000,
    "cur_liab": 238747000,
    "cash": 750191000,
    "equity": 732442000,
    "cash_flow_op": 83221000,
    "cash_flow_inv": -33792000,
    "cash_flow_fin": 20798000
  },
  {
    "symbol": "TLN",
    "end_date": "2015-09-30",
    "amend": "False",
    "period_focus": "Q3",
    "fiscal_year": 2015,
    "doc_type": "10-Q",
    "revenues": 1419000000,
    "op_income": -246000000,
    "net_income": -401000000,
    "eps_basic": -3.12,
    "eps_diluted": -3.12,
    "dividend": 0,
    "assets": 12254000000,
    "cur_assets": 2622000000,
    "cur_liab": 1848000000,
    "cash": 648000000,
    "equity": 4402000000,
    "cash_flow_op": 731000000,
    "cash_flow_inv": -173000000,
    "cash_flow_fin": -262000000
  },
  {
    "symbol": "TEL",
    "end_date": "2015-09-25",
    "amend": "False",
    "period_focus": "FY",
    "fiscal_year": 2015,
    "doc_type": "10-K",
    "revenues": 12233000000,
    "op_income": 1749000000,
    "net_income": 2420000000,
    "eps_basic": 5.98,
    "eps_diluted": 5.89,
    "dividend": 1.24,
    "assets": 20608000000,
    "cur_assets": 7887000000,
    "cur_liab": 3577000000,
    "cash": 3329000000,
    "equity": 9585000000,
    "cash_flow_op": 1913000000,
    "cash_flow_inv": 636000000,
    "cash_flow_fin": -1606000000
  },
  {
    "symbol": "TRC",
    "end_date": "2015-09-30",
    "amend": "False",
    "period_focus": "Q3",
    "fiscal_year": 2015,
    "doc_type": "10-Q",
    "revenues": 11946000,
    "op_income": -3541000,
    "net_income": -788000,
    "eps_basic": -0.04,
    "eps_diluted": -0.04,
    "dividend": 0,
    "assets": 438826000,
    "cur_assets": 58210000,
    "cur_liab": 18578000,
    "cash": 3512000,
    "equity": 328035000,
    "cash_flow_op": 1541000,
    "cash_flow_inv": -5038000,
    "cash_flow_fin": 1371000
  },
  {
    "symbol": "SCLN",
    "end_date": "2015-09-30",
    "amend": "False",
    "period_focus": "Q3",
    "fiscal_year": 2015,
    "doc_type": "10-Q",
    "revenues": 42880000,
    "op_income": 12595000,
    "net_income": 11979000,
    "eps_basic": 0.24,
    "eps_diluted": 0.23,
    "dividend": 0,
    "assets": 202232000,
    "cur_assets": 153820000,
    "cur_liab": "",
    "cash": 99224000,
    "equity": 166005000,
    "cash_flow_op": 30366000,
    "cash_flow_inv": -8327000,
    "cash_flow_fin": -9115000
  },
  {
    "symbol": "SGMS",
    "end_date": "2015-09-30",
    "amend": "False",
    "period_focus": "Q3",
    "fiscal_year": 2015,
    "doc_type": "10-Q",
    "revenues": 671600000,
    "op_income": -588200000,
    "net_income": -678200000,
    "eps_basic": -7.88,
    "eps_diluted": -7.88,
    "dividend": 0,
    "assets": 8615100000,
    "cur_assets": 1269500000,
    "cur_liab": 614400000,
    "cash": 102100000,
    "equity": -980800000,
    "cash_flow_op": 255500000,
    "cash_flow_inv": -177200000,
    "cash_flow_fin": -140900000
  },
  {
    "symbol": "SBCF",
    "end_date": "2015-09-30",
    "amend": "False",
    "period_focus": "Q3",
    "fiscal_year": 2015,
    "doc_type": "10-Q",
    "revenues": 39065000,
    "op_income": "",
    "net_income": 4441000,
    "eps_basic": 0.13,
    "eps_diluted": 0.13,
    "dividend": 0,
    "assets": 3378108000,
    "cur_assets": "",
    "cur_liab": "",
    "cash": 69650000,
    "equity": 350280000,
    "cash_flow_op": 27046000,
    "cash_flow_inv": -77655000,
    "cash_flow_fin": 50711000
  },
  {
    "symbol": "SQBG",
    "end_date": "2015-09-30",
    "amend": "False",
    "period_focus": "Q3",
    "fiscal_year": 2015,
    "doc_type": "10-Q",
    "revenues": 22981000,
    "op_income": 13021000,
    "net_income": 2728000,
    "eps_basic": 0.07,
    "eps_diluted": 0.06,
    "dividend": 0,
    "assets": 809466000,
    "cur_assets": 64308000,
    "cur_liab": 23567000,
    "cash": 28287000,
    "equity": 351008000,
    "cash_flow_op": 13113000,
    "cash_flow_inv": -203553000,
    "cash_flow_fin": 196206000
  },
  {
    "symbol": "SFXE",
    "end_date": "2015-09-30",
    "amend": "False",
    "period_focus": "Q3",
    "fiscal_year": 2015,
    "doc_type": "10-Q",
    "revenues": 133232000,
    "op_income": -41505000,
    "net_income": -54471000,
    "eps_basic": -0.57,
    "eps_diluted": -0.57,
    "dividend": 0,
    "assets": 661614000,
    "cur_assets": 126146000,
    "cur_liab": 159454000,
    "cash": 59788000,
    "equity": 99503000,
    "cash_flow_op": -51916000,
    "cash_flow_inv": -25179000,
    "cash_flow_fin": 76218000
  },
  {
    "symbol": "TNH",
    "end_date": "2015-09-30",
    "amend": "False",
    "period_focus": "Q3",
    "fiscal_year": 2015,
    "doc_type": "10-Q",
    "revenues": 150200000,
    "op_income": "",
    "net_income": 2.23,
    "eps_basic": 2.23,
    "eps_diluted": "",
    "dividend": 0,
    "assets": 442500000,
    "cur_assets": 123800000,
    "cur_liab": 38200000,
    "cash": 92500000,
    "equity": "",
    "cash_flow_op": 267800000,
    "cash_flow_inv": -81000000,
    "cash_flow_fin": -207300000
  },
  {
    "symbol": "TTI",
    "end_date": "2015-09-30",
    "amend": "False",
    "period_focus": "Q3",
    "fiscal_year": 2015,
    "doc_type": "10-Q",
    "revenues": 305144000,
    "op_income": "",
    "net_income": 9755000,
    "eps_basic": 0.12,
    "eps_diluted": 0.12,
    "dividend": 0,
    "assets": 1941313000,
    "cur_assets": 411025000,
    "cur_liab": 288035000,
    "cash": 25478000,
    "equity": 753196000,
    "cash_flow_op": 118227000,
    "cash_flow_inv": -94947000,
    "cash_flow_fin": -44570000
  },
  {
    "symbol": "SHBI",
    "end_date": "2015-09-30",
    "amend": "False",
    "period_focus": "Q3",
    "fiscal_year": 2015,
    "doc_type": "10-Q",
    "revenues": 13742000,
    "op_income": "",
    "net_income": 1909000,
    "eps_basic": 0.15,
    "eps_diluted": 0.15,
    "dividend": 0.02,
    "assets": 1117813000,
    "cur_assets": "",
    "cur_liab": "",
    "cash": 17401000,
    "equity": 145887000,
    "cash_flow_op": 10134000,
    "cash_flow_inv": -52030000,
    "cash_flow_fin": 11849000
  },
  {
    "symbol": "SFNC",
    "end_date": "2015-09-30",
    "amend": "False",
    "period_focus": "Q3",
    "fiscal_year": 2015,
    "doc_type": "10-Q",
    "revenues": 108688000,
    "op_income": "",
    "net_income": 21598000,
    "eps_basic": 0.72,
    "eps_diluted": 0.72,
    "dividend": 0,
    "assets": 7559694000,
    "cur_assets": "",
    "cur_liab": "",
    "cash": 400998000,
    "equity": 1045441000,
    "cash_flow_op": 75460000,
    "cash_flow_inv": 258756000,
    "cash_flow_fin": -269127000
  },
  {
    "symbol": "SKUL",
    "end_date": "2015-09-30",
    "amend": "False",
    "period_focus": "Q3",
    "fiscal_year": 2015,
    "doc_type": "10-Q",
    "revenues": 67168000,
    "op_income": 3082000,
    "net_income": 2301000,
    "eps_basic": 0.08,
    "eps_diluted": 0.08,
    "dividend": 0,
    "assets": 191328000,
    "cur_assets": 153635000,
    "cur_liab": 34937000,
    "cash": 10354000,
    "equity": 154095000,
    "cash_flow_op": -14349000,
    "cash_flow_inv": 3282000,
    "cash_flow_fin": 32000
  },
  {
    "symbol": "TC",
    "end_date": "2015-09-30",
    "amend": "False",
    "period_focus": "Q3",
    "fiscal_year": 2015,
    "doc_type": "10-Q",
    "revenues": 141700000,
    "op_income": 10500000,
    "net_income": -60900000,
    "eps_basic": -0.28,
    "eps_diluted": -0.28,
    "dividend": 0,
    "assets": 2448600000,
    "cur_assets": 347900000,
    "cur_liab": 158500000,
    "cash": 217100000,
    "equity": 594100000,
    "cash_flow_op": 38500000,
    "cash_flow_inv": -24900000,
    "cash_flow_fin": -6800000
  },
  {
    "symbol": "LNCE",
    "end_date": "2015-10-03",
    "amend": "False",
    "period_focus": "Q3",
    "fiscal_year": 2015,
    "doc_type": "10-Q",
    "revenues": 416773000,
    "op_income": 25137000,
    "net_income": 15635000,
    "eps_basic": 0.22,
    "eps_diluted": 0.22,
    "dividend": 0.16,
    "assets": 1887629000,
    "cur_assets": 377163000,
    "cur_liab": 148434000,
    "cash": 64316000,
    "equity": 1105515000,
    "cash_flow_op": 94458000,
    "cash_flow_inv": -32322000,
    "cash_flow_fin": -33193000
  },
  {
    "symbol": "SZYM",
    "end_date": "2015-09-30",
    "amend": "False",
    "period_focus": "Q3",
    "fiscal_year": 2015,
    "doc_type": "10-Q",
    "revenues": 11399000,
    "op_income": -25953000,
    "net_income": -34918000,
    "eps_basic": -0.43,
    "eps_diluted": -0.43,
    "dividend": 0,
    "assets": 209042000,
    "cur_assets": 139359000,
    "cur_liab": 18859000,
    "cash": 48242000,
    "equity": -19537000,
    "cash_flow_op": -69020000,
    "cash_flow_inv": 74524000,
    "cash_flow_fin": 682000
  },
  {
    "symbol": "TSQ",
    "end_date": "2015-09-30",
    "amend": "False",
    "period_focus": "Q3",
    "fiscal_year": 2015,
    "doc_type": "10-Q",
    "revenues": 129568000,
    "op_income": 36846000,
    "net_income": 16454000,
    "eps_basic": 0.94,
    "eps_diluted": 0.6,
    "dividend": 0,
    "assets": 1070262000,
    "cur_assets": 105622000,
    "cur_liab": 63759000,
    "cash": 28059000,
    "equity": 361657000,
    "cash_flow_op": 14040000,
    "cash_flow_inv": -65013000,
    "cash_flow_fin": 54696000
  },
  {
    "symbol": "TA",
    "end_date": "2015-09-30",
    "amend": "False",
    "period_focus": "Q3",
    "fiscal_year": 2015,
    "doc_type": "10-Q",
    "revenues": 1508993000,
    "op_income": 21444000,
    "net_income": 9332000,
    "eps_basic": 0.25,
    "eps_diluted": 0.25,
    "dividend": 0,
    "assets": 1628347000,
    "cur_assets": 599193000,
    "cur_liab": 361592000,
    "cash": 228625000,
    "equity": 550934000,
    "cash_flow_op": 140661000,
    "cash_flow_inv": -91095000,
    "cash_flow_fin": -45134000
  },
  {
    "symbol": "TG",
    "end_date": "2015-09-30",
    "amend": "False",
    "period_focus": "Q3",
    "fiscal_year": 2015,
    "doc_type": "10-Q",
    "revenues": 28084000,
    "op_income": "",
    "net_income": -36723000,
    "eps_basic": -1.13,
    "eps_diluted": -1.13,
    "dividend": 0.11,
    "assets": 664354000,
    "cur_assets": 235901000,
    "cur_liab": 112557000,
    "cash": 46609000,
    "equity": 281750000,
    "cash_flow_op": 33342000,
    "cash_flow_inv": -22433000,
    "cash_flow_fin": -10664000
  },
  {
    "symbol": "TRMR",
    "end_date": "2015-09-30",
    "amend": "False",
    "period_focus": "Q3",
    "fiscal_year": 2015,
    "doc_type": "10-Q",
    "revenues": 49273000,
    "op_income": -28680000,
    "net_income": -28622000,
    "eps_basic": -0.55,
    "eps_diluted": -0.55,
    "dividend": 0,
    "assets": 155548000,
    "cur_assets": 121726000,
    "cur_liab": 47701000,
    "cash": 65531000,
    "equity": 103026000,
    "cash_flow_op": -3428000,
    "cash_flow_inv": -8345000,
    "cash_flow_fin": -357000
  },
  {
    "symbol": "TREC",
    "end_date": "2015-09-30",
    "amend": "False",
    "period_focus": "Q3",
    "fiscal_year": 2015,
    "doc_type": "10-Q",
    "revenues": 66938000,
    "op_income": 11063000,
    "net_income": 5318000,
    "eps_basic": 0.22,
    "eps_diluted": 0.21,
    "dividend": 0,
    "assets": 246771000,
    "cur_assets": 56285000,
    "cur_liab": 24745000,
    "cash": 14877000,
    "equity": 140704000,
    "cash_flow_op": 35162000,
    "cash_flow_inv": -23587000,
    "cash_flow_fin": -5204000
  },
  {
    "symbol": "SMBC",
    "end_date": "2015-09-30",
    "amend": "False",
    "period_focus": "Q1",
    "fiscal_year": 2016,
    "doc_type": "10-Q",
    "revenues": 16172000,
    "op_income": "",
    "net_income": 3585000,
    "eps_basic": 0.48,
    "eps_diluted": 0.48,
    "dividend": 0.09,
    "assets": 1319793000,
    "cur_assets": "",
    "cur_liab": "",
    "cash": 18531000,
    "equity": 135875000,
    "cash_flow_op": 3096000,
    "cash_flow_inv": -17690000,
    "cash_flow_fin": 16350000
  },
  {
    "symbol": "SONA",
    "end_date": "2015-09-30",
    "amend": "False",
    "period_focus": "Q3",
    "fiscal_year": 2015,
    "doc_type": "10-Q",
    "revenues": 12112000,
    "op_income": "",
    "net_income": 2481000,
    "eps_basic": 0.2,
    "eps_diluted": 0.2,
    "dividend": 0,
    "assets": 1017887000,
    "cur_assets": "",
    "cur_liab": "",
    "cash": 3772000,
    "equity": 120305000,
    "cash_flow_op": 11957000,
    "cash_flow_inv": -90693000,
    "cash_flow_fin": 91952000
  },
  {
    "symbol": "SSNC",
    "end_date": "2015-09-30",
    "amend": "False",
    "period_focus": "Q3",
    "fiscal_year": 2015,
    "doc_type": "10-Q",
    "revenues": 280894000,
    "op_income": 14952000,
    "net_income": -34610000,
    "eps_basic": -0.36,
    "eps_diluted": -0.36,
    "dividend": 0,
    "assets": 5777223000,
    "cur_assets": 723971000,
    "cur_liab": 337883000,
    "cash": 503810000,
    "equity": 2075247000,
    "cash_flow_op": 120567000,
    "cash_flow_inv": -2627561000,
    "cash_flow_fin": 2905191000
  },
  {
    "symbol": "STMP",
    "end_date": "2015-09-30",
    "amend": "False",
    "period_focus": "Q3",
    "fiscal_year": 2015,
    "doc_type": "10-Q",
    "revenues": 51669000,
    "op_income": 12991000,
    "net_income": 7274000,
    "eps_basic": 0.44,
    "eps_diluted": 0.42,
    "dividend": 0,
    "assets": 302583000,
    "cur_assets": 124244000,
    "cur_liab": 73970000,
    "cash": 89559000,
    "equity": 228613000,
    "cash_flow_op": 34963000,
    "cash_flow_inv": 2353000,
    "cash_flow_fin": 11310000
  },
  {
    "symbol": "GTS",
    "end_date": "2015-09-30",
    "amend": "False",
    "period_focus": "Q3",
    "fiscal_year": 2015,
    "doc_type": "10-Q",
    "revenues": 765089000,
    "op_income": "",
    "net_income": 4194000,
    "eps_basic": 0.17,
    "eps_diluted": 0.16,
    "dividend": 0,
    "assets": 2214815000,
    "cur_assets": "",
    "cur_liab": "",
    "cash": 194457000,
    "equity": 831064000,
    "cash_flow_op": 171470000,
    "cash_flow_inv": -23694000,
    "cash_flow_fin": -63356000
  },
  {
    "symbol": "TSE",
    "end_date": "2015-09-30",
    "amend": "False",
    "period_focus": "Q3",
    "fiscal_year": 2015,
    "doc_type": "10-Q",
    "revenues": 1027952000,
    "op_income": 93958000,
    "net_income": 52055000,
    "eps_basic": 1.07,
    "eps_diluted": 1.06,
    "dividend": 0,
    "assets": 2312139000,
    "cur_assets": 1291971000,
    "cur_liab": 489391000,
    "cash": 320771000,
    "equity": 345251000,
    "cash_flow_op": 205705000,
    "cash_flow_inv": -76621000,
    "cash_flow_fin": -24111000
  },
  {
    "symbol": "TRCO",
    "end_date": "2015-09-30",
    "amend": "False",
    "period_focus": "Q3",
    "fiscal_year": 2015,
    "doc_type": "10-Q",
    "revenues": 488594000,
    "op_income": 38808000,
    "net_income": 27690000,
    "eps_basic": 0.29,
    "eps_diluted": 0.29,
    "dividend": 0.25,
    "assets": 10413399000,
    "cur_assets": 1158463000,
    "cur_liab": 615471000,
    "cash": 350320000,
    "equity": 4302463000,
    "cash_flow_op": 7925000,
    "cash_flow_inv": -113938000,
    "cash_flow_fin": -998850000
  },
  {
    "symbol": "STRL",
    "end_date": "2015-09-30",
    "amend": "False",
    "period_focus": "Q3",
    "fiscal_year": 2015,
    "doc_type": "10-Q",
    "revenues": 176000000,
    "op_income": 2381000,
    "net_income": -1108000,
    "eps_basic": 0.01,
    "eps_diluted": 0.01,
    "dividend": 0,
    "assets": 290674000,
    "cur_assets": 157154000,
    "cur_liab": 115592000,
    "cash": 11488000,
    "equity": 122467000,
    "cash_flow_op": 3492000,
    "cash_flow_inv": -6172000,
    "cash_flow_fin": -8675000
  },
  {
    "symbol": "STNR",
    "end_date": "2015-09-30",
    "amend": "False",
    "period_focus": "Q3",
    "fiscal_year": 2015,
    "doc_type": "10-Q",
    "revenues": 227405000,
    "op_income": -18663000,
    "net_income": -17489000,
    "eps_basic": -1.36,
    "eps_diluted": -1.36,
    "dividend": 0,
    "assets": 530082000,
    "cur_assets": 207990000,
    "cur_liab": 226080000,
    "cash": 54404000,
    "equity": 166903000,
    "cash_flow_op": 58396000,
    "cash_flow_inv": -21687000,
    "cash_flow_fin": -40695000
  },
  {
    "symbol": "SRCL",
    "end_date": "2015-09-30",
    "amend": "False",
    "period_focus": "Q3",
    "fiscal_year": 2015,
    "doc_type": "10-Q",
    "revenues": 718596000,
    "op_income": 100256000,
    "net_income": 50579000,
    "eps_basic": 0.6,
    "eps_diluted": 0.59,
    "dividend": 0,
    "assets": 5176457000,
    "cur_assets": 1319465000,
    "cur_liab": 533934000,
    "cash": 32883000,
    "equity": 2734442000,
    "cash_flow_op": 293291000,
    "cash_flow_inv": -805583000,
    "cash_flow_fin": 523516000
  },
  {
    "symbol": "STRS",
    "end_date": "2015-09-30",
    "amend": "False",
    "period_focus": "Q3",
    "fiscal_year": 2015,
    "doc_type": "10-Q",
    "revenues": 19677000,
    "op_income": 20976000,
    "net_income": 10248000,
    "eps_basic": 1.27,
    "eps_diluted": 1.27,
    "dividend": 0,
    "assets": 429544000,
    "cur_assets": "",
    "cur_liab": "",
    "cash": 33190000,
    "equity": 136345000,
    "cash_flow_op": 3344000,
    "cash_flow_inv": 5889000,
    "cash_flow_fin": -5688000
  },
  {
    "symbol": "SEMI",
    "end_date": "2015-09-30",
    "amend": "False",
    "period_focus": "Q3",
    "fiscal_year": 2015,
    "doc_type": "10-Q",
    "revenues": 189000000,
    "op_income": -68800000,
    "net_income": -80800000,
    "eps_basic": -1.93,
    "eps_diluted": -1.93,
    "dividend": 0,
    "assets": 1082500000,
    "cur_assets": 353000000,
    "cur_liab": 237400000,
    "cash": 90800000,
    "equity": 562300000,
    "cash_flow_op": 56500000,
    "cash_flow_inv": -56900000,
    "cash_flow_fin": 4400000
  },
  {
    "symbol": "SNBC",
    "end_date": "2015-09-30",
    "amend": "False",
    "period_focus": "Q3",
    "fiscal_year": 2015,
    "doc_type": "10-Q",
    "revenues": 24042000,
    "op_income": "",
    "net_income": 3164000,
    "eps_basic": 0.17,
    "eps_diluted": 0.17,
    "dividend": 0,
    "assets": 2289023000,
    "cur_assets": "",
    "cur_liab": "",
    "cash": 29158000,
    "equity": 255485000,
    "cash_flow_op": -623000,
    "cash_flow_inv": 171852000,
    "cash_flow_fin": -431799000
  },
  {
    "symbol": "SCON",
    "end_date": "2015-09-26",
    "amend": "False",
    "period_focus": "Q3",
    "fiscal_year": 2015,
    "doc_type": "10-Q",
    "revenues": 91000,
    "op_income": -2886000,
    "net_income": -2373000,
    "eps_basic": -0.14,
    "eps_diluted": -0.14,
    "dividend": 0,
    "assets": 8659000,
    "cur_assets": 1531000,
    "cur_liab": 1092000,
    "cash": 1164000,
    "equity": 6370000,
    "cash_flow_op": -6217000,
    "cash_flow_inv": -140000,
    "cash_flow_fin": 6283000
  },
  {
    "symbol": "UCP",
    "end_date": "2015-09-30",
    "amend": "False",
    "period_focus": "Q3",
    "fiscal_year": 2015,
    "doc_type": "10-Q",
    "revenues": 73672000,
    "op_income": 3761000,
    "net_income": 1639000,
    "eps_basic": 0.21,
    "eps_diluted": 0.2,
    "dividend": 0,
    "assets": 421220000,
    "cur_assets": "",
    "cur_liab": "",
    "cash": 22606000,
    "equity": 209658000,
    "cash_flow_op": -51767000,
    "cash_flow_inv": -311000,
    "cash_flow_fin": 32651000
  },
  {
    "symbol": "SUPN",
    "end_date": "2015-09-30",
    "amend": "False",
    "period_focus": "Q3",
    "fiscal_year": 2015,
    "doc_type": "10-Q",
    "revenues": 38551000,
    "op_income": 4309000,
    "net_income": 4222000,
    "eps_basic": 0.09,
    "eps_diluted": 0.08,
    "dividend": 0,
    "assets": 166770000,
    "cur_assets": 102551000,
    "cur_liab": 43128000,
    "cash": 26294000,
    "equity": 109436000,
    "cash_flow_op": 12189000,
    "cash_flow_inv": -23358000,
    "cash_flow_fin": 1067000
  },
  {
    "symbol": "SSRG",
    "end_date": "2015-10-03",
    "amend": "False",
    "period_focus": "Q3",
    "fiscal_year": 2015,
    "doc_type": "10-Q",
    "revenues": 20951000,
    "op_income": 782000,
    "net_income": 255000,
    "eps_basic": 0.03,
    "eps_diluted": 0.03,
    "dividend": 0,
    "assets": 152207000,
    "cur_assets": 43451000,
    "cur_liab": 9889000,
    "cash": 5639000,
    "equity": 140195000,
    "cash_flow_op": 10645000,
    "cash_flow_inv": -4001000,
    "cash_flow_fin": -3876000
  },
  {
    "symbol": "SWSH",
    "end_date": "2015-09-30",
    "amend": "False",
    "period_focus": "Q3",
    "fiscal_year": 2015,
    "doc_type": "10-Q",
    "revenues": 0,
    "op_income": "",
    "net_income": -31781000,
    "eps_basic": -0.26,
    "eps_diluted": -0.26,
    "dividend": 0,
    "assets": 64336000,
    "cur_assets": 31860000,
    "cur_liab": 25783000,
    "cash": 1098000,
    "equity": 33289000,
    "cash_flow_op": -11359000,
    "cash_flow_inv": 2811000,
    "cash_flow_fin": 2413000
  },
  {
    "symbol": "SGYP",
    "end_date": "2015-09-30",
    "amend": "False",
    "period_focus": "Q3",
    "fiscal_year": 2015,
    "doc_type": "10-Q",
    "revenues": "",
    "op_income": -23152000,
    "net_income": -25997000,
    "eps_basic": -0.23,
    "eps_diluted": -0.23,
    "dividend": 0,
    "assets": 143957000,
    "cur_assets": 143148000,
    "cur_liab": 19758000,
    "cash": 41916000,
    "equity": -27069000,
    "cash_flow_op": -70675000,
    "cash_flow_inv": -50238000,
    "cash_flow_fin": 16359000
  },
  {
    "symbol": "SYUT",
    "end_date": "2015-09-30",
    "amend": "False",
    "period_focus": "Q2",
    "fiscal_year": 2016,
    "doc_type": "10-Q",
    "revenues": 87348000,
    "op_income": 12882000,
    "net_income": 509000,
    "eps_basic": 0.01,
    "eps_diluted": 0.01,
    "dividend": 0,
    "assets": 742350000,
    "cur_assets": 349666000,
    "cur_liab": 330253000,
    "cash": 83853000,
    "equity": 124000000,
    "cash_flow_op": -18856000,
    "cash_flow_inv": -67401000,
    "cash_flow_fin": 85084000
  },
  {
    "symbol": "TNGO",
    "end_date": "2015-09-30",
    "amend": "False",
    "period_focus": "Q3",
    "fiscal_year": 2015,
    "doc_type": "10-Q",
    "revenues": 56573000,
    "op_income": -3584000,
    "net_income": -4502000,
    "eps_basic": -0.11,
    "eps_diluted": -0.11,
    "dividend": 0,
    "assets": 227672000,
    "cur_assets": 109747000,
    "cur_liab": 37344000,
    "cash": 36559000,
    "equity": 182392000,
    "cash_flow_op": 13121000,
    "cash_flow_inv": -25345000,
    "cash_flow_fin": -2115000
  },
  {
    "symbol": "TCGN",
    "end_date": "2015-09-30",
    "amend": "False",
    "period_focus": "Q3",
    "fiscal_year": 2015,
    "doc_type": "10-Q",
    "revenues": 4676042,
    "op_income": -923745,
    "net_income": -948842,
    "eps_basic": -0.06,
    "eps_diluted": -0.06,
    "dividend": 0,
    "assets": 18173357,
    "cur_assets": 16451077,
    "cur_liab": 4536917,
    "cash": 3970011,
    "equity": 10220728,
    "cash_flow_op": -3354719,
    "cash_flow_inv": -142455,
    "cash_flow_fin": 6281152
  },
  {
    "symbol": "TTGT",
    "end_date": "2015-09-30",
    "amend": "False",
    "period_focus": "Q3",
    "fiscal_year": 2015,
    "doc_type": "10-Q",
    "revenues": 29007000,
    "op_income": 3453000,
    "net_income": 2041000,
    "eps_basic": 0.06,
    "eps_diluted": 0.06,
    "dividend": 0,
    "assets": 180367000,
    "cur_assets": 59554000,
    "cur_liab": 15666000,
    "cash": 14894000,
    "equity": 161877000,
    "cash_flow_op": 2500000,
    "cash_flow_inv": -2296000,
    "cash_flow_fin": -4573000
  },
  {
    "symbol": "TNAV",
    "end_date": "2015-09-30",
    "amend": "False",
    "period_focus": "Q1",
    "fiscal_year": 2015,
    "doc_type": "10-Q",
    "revenues": 44061000,
    "op_income": -10546000,
    "net_income": -10846000,
    "eps_basic": -0.27,
    "eps_diluted": -0.27,
    "dividend": 0,
    "assets": 218108000,
    "cur_assets": 165678000,
    "cur_liab": 34562000,
    "cash": 11981000,
    "equity": 166569000,
    "cash_flow_op": -5869000,
    "cash_flow_inv": 992000,
    "cash_flow_fin": -1679000
  },
  {
    "symbol": "EGY",
    "end_date": "2015-09-30",
    "amend": "False",
    "period_focus": "Q3",
    "fiscal_year": 2015,
    "doc_type": "10-Q",
    "revenues": 17546000,
    "op_income": -32121000,
    "net_income": -33668000,
    "eps_basic": -0.58,
    "eps_diluted": -0.58,
    "dividend": 0,
    "assets": 195079000,
    "cur_assets": 73730000,
    "cur_liab": 57790000,
    "cash": 40701000,
    "equity": 106091000,
    "cash_flow_op": 37519000,
    "cash_flow_inv": -66321000,
    "cash_flow_fin": 452000
  },
  {
    "symbol": "TTEC",
    "end_date": "2015-09-30",
    "amend": "False",
    "period_focus": "Q3",
    "fiscal_year": 2015,
    "doc_type": "10-Q",
    "revenues": -3987000,
    "op_income": 15625000,
    "net_income": 11195000,
    "eps_basic": 0.23,
    "eps_diluted": 0.23,
    "dividend": 0,
    "assets": 858215000,
    "cur_assets": 450389000,
    "cur_liab": 224041000,
    "cash": 86170000,
    "equity": 421869000,
    "cash_flow_op": 116164000,
    "cash_flow_inv": -59844000,
    "cash_flow_fin": -27464000
  },
  {
    "symbol": "VGR",
    "end_date": "2015-09-30",
    "amend": "False",
    "period_focus": "Q3",
    "fiscal_year": 2015,
    "doc_type": "10-Q",
    "revenues": 449934000,
    "op_income": 69605000,
    "net_income": 12205000,
    "eps_basic": 0.1,
    "eps_diluted": 0.1,
    "dividend": 0.38,
    "assets": 1398801000,
    "cur_assets": 686188000,
    "cur_liab": 228790000,
    "cash": 246347000,
    "equity": -56827000,
    "cash_flow_op": 140018000,
    "cash_flow_inv": -62082000,
    "cash_flow_fin": -157954000
  },
  {
    "symbol": "TERP",
    "end_date": "2015-09-30",
    "amend": "False",
    "period_focus": "Q3",
    "fiscal_year": 2015,
    "doc_type": "10-Q",
    "revenues": 163291000,
    "op_income": 64135000,
    "net_income": -820000,
    "eps_basic": 0.33,
    "eps_diluted": 0.33,
    "dividend": 0,
    "assets": 5534512000,
    "cur_assets": 891342000,
    "cur_liab": 272691000,
    "cash": 635821000,
    "equity": 2493412000,
    "cash_flow_op": 105256000,
    "cash_flow_inv": -1479219000,
    "cash_flow_fin": 1542610000
  },
  {
    "symbol": "TGTX",
    "end_date": "2015-09-30",
    "amend": "False",
    "period_focus": "Q3",
    "fiscal_year": 2015,
    "doc_type": "10-Q",
    "revenues": 1600000,
    "op_income": -13825584,
    "net_income": -13655916,
    "eps_basic": -0.28,
    "eps_diluted": -0.28,
    "dividend": 0,
    "assets": 127407138,
    "cur_assets": 104730487,
    "cur_liab": 9685802,
    "cash": 65461940,
    "equity": 116311812,
    "cash_flow_op": -31789611,
    "cash_flow_inv": -27164331,
    "cash_flow_fin": 68702098
  },
  {
    "symbol": "XONE",
    "end_date": "2015-09-30",
    "amend": "False",
    "period_focus": "Q3",
    "fiscal_year": 2015,
    "doc_type": "10-Q",
    "revenues": 8864000,
    "op_income": -10093000,
    "net_income": -10077000,
    "eps_basic": -0.7,
    "eps_diluted": -0.7,
    "dividend": 0,
    "assets": 109430000,
    "cur_assets": 50939000,
    "cur_liab": 16167000,
    "cash": 20253000,
    "equity": 91289000,
    "cash_flow_op": -11007000,
    "cash_flow_inv": -4419000,
    "cash_flow_fin": -363000
  },
  {
    "symbol": "HAIN",
    "end_date": "2015-09-30",
    "amend": "False",
    "period_focus": "Q1",
    "fiscal_year": 2016,
    "doc_type": "10-Q",
    "revenues": 687188000,
    "op_income": 57468000,
    "net_income": 31302000,
    "eps_basic": 0.3,
    "eps_diluted": "",
    "dividend": 0,
    "assets": 3152176000,
    "cur_assets": 964964000,
    "cur_liab": 376337000,
    "cash": 147699000,
    "equity": 1781625000,
    "cash_flow_op": 5785000,
    "cash_flow_inv": -44746000,
    "cash_flow_fin": 22463000
  },
  {
    "symbol": "FLIC",
    "end_date": "2015-09-30",
    "amend": "False",
    "period_focus": "Q3",
    "fiscal_year": 2015,
    "doc_type": "10-Q",
    "revenues": 24722000,
    "op_income": "",
    "net_income": 6511000,
    "eps_basic": 0.46,
    "eps_diluted": 0.46,
    "dividend": 0.2,
    "assets": 2993170000,
    "cur_assets": "",
    "cur_liab": "",
    "cash": 33364000,
    "equity": 247280000,
    "cash_flow_op": 27545000,
    "cash_flow_inv": -278859000,
    "cash_flow_fin": 251734000
  },
  {
    "symbol": "KEYW",
    "end_date": "2015-09-30",
    "amend": "False",
    "period_focus": "Q3",
    "fiscal_year": 2015,
    "doc_type": "10-Q",
    "revenues": 81098000,
    "op_income": -5545000,
    "net_income": -8004000,
    "eps_basic": -0.2,
    "eps_diluted": -0.2,
    "dividend": 0,
    "assets": 472759000,
    "cur_assets": 104341000,
    "cur_liab": 39482000,
    "cash": 24971000,
    "equity": 265628000,
    "cash_flow_op": 14079000,
    "cash_flow_inv": -33332000,
    "cash_flow_fin": 4623000
  },
  {
    "symbol": "VMW",
    "end_date": "2015-09-30",
    "amend": "False",
    "period_focus": "Q3",
    "fiscal_year": 2015,
    "doc_type": "10-Q",
    "revenues": 1672000000,
    "op_income": 326000000,
    "net_income": 256000000,
    "eps_basic": 0.61,
    "eps_diluted": 0.6,
    "dividend": 0,
    "assets": 14791000000,
    "cur_assets": 8662000000,
    "cur_liab": 3750000000,
    "cash": 2083000000,
    "equity": 7534000000,
    "cash_flow_op": 1411000000,
    "cash_flow_inv": -362000000,
    "cash_flow_fin": -1037000000
  },
  {
    "symbol": "WRB",
    "end_date": "2015-09-30",
    "amend": "False",
    "period_focus": "Q3",
    "fiscal_year": 2015,
    "doc_type": "10-Q",
    "revenues": 1860957000,
    "op_income": "",
    "net_income": 152607000,
    "eps_basic": 1.24,
    "eps_diluted": 1.18,
    "dividend": 0,
    "assets": 21738566000,
    "cur_assets": "",
    "cur_liab": "",
    "cash": 879934000,
    "equity": 4616637000,
    "cash_flow_op": 620335000,
    "cash_flow_inv": 171074000,
    "cash_flow_fin": -547549000
  },
  {
    "symbol": "WTI",
    "end_date": "2015-06-30",
    "amend": "True",
    "period_focus": "Q2",
    "fiscal_year": 2015,
    "doc_type": "10-Q",
    "revenues": 149066000,
    "op_income": -278806000,
    "net_income": -260449000,
    "eps_basic": -3.43,
    "eps_diluted": -3.43,
    "dividend": 0,
    "assets": 2084977000,
    "cur_assets": 124346000,
    "cur_liab": 219472000,
    "cash": 5671000,
    "equity": -788000,
    "cash_flow_op": 80910000,
    "cash_flow_inv": -202552000,
    "cash_flow_fin": 103647000
  },
  {
    "symbol": "WTI",
    "end_date": "2015-03-31",
    "amend": "True",
    "period_focus": "Q1",
    "fiscal_year": 2015,
    "doc_type": "10-Q",
    "revenues": 127907000,
    "op_income": -337508000,
    "net_income": -255095000,
    "eps_basic": -3.36,
    "eps_diluted": -3.36,
    "dividend": 0,
    "assets": 2339061000,
    "cur_assets": 105826000,
    "cur_liab": 202168000,
    "cash": 8367000,
    "equity": 256958000,
    "cash_flow_op": 52918000,
    "cash_flow_inv": -135167000,
    "cash_flow_fin": 66950000
  },
  {
    "symbol": "WDR",
    "end_date": "2015-09-30",
    "amend": "False",
    "period_focus": "Q3",
    "fiscal_year": 2015,
    "doc_type": "10-Q",
    "revenues": 376109000,
    "op_income": 109007000,
    "net_income": 48058000,
    "eps_basic": 0.58,
    "eps_diluted": 0.58,
    "dividend": 0,
    "assets": 1442789000,
    "cur_assets": 1116619000,
    "cur_liab": 357953000,
    "cash": 612660000,
    "equity": 836937000,
    "cash_flow_op": 230573000,
    "cash_flow_inv": -18365000,
    "cash_flow_fin": -166169000
  },
  {
    "symbol": "MDCO",
    "end_date": "2015-09-30",
    "amend": "False",
    "period_focus": "Q3",
    "fiscal_year": 2015,
    "doc_type": "10-Q",
    "revenues": 72678000,
    "op_income": -126889000,
    "net_income": -105132000,
    "eps_basic": -1.57,
    "eps_diluted": -1.57,
    "dividend": 0,
    "assets": 2073091000,
    "cur_assets": 687289000,
    "cur_liab": 530048000,
    "cash": 508808000,
    "equity": 922312000,
    "cash_flow_op": -85461000,
    "cash_flow_inv": -123351000,
    "cash_flow_fin": 346891000
  },
  {
    "symbol": "WTW",
    "end_date": "2015-10-03",
    "amend": "False",
    "period_focus": "Q3",
    "fiscal_year": 2015,
    "doc_type": "10-Q",
    "revenues": 273324000,
    "op_income": 63108000,
    "net_income": 21790000,
    "eps_basic": 0.38,
    "eps_diluted": 0.38,
    "dividend": 0,
    "assets": 1395152000,
    "cur_assets": 322089000,
    "cur_liab": 515727000,
    "cash": 212260000,
    "equity": -1342185000,
    "cash_flow_op": 52868000,
    "cash_flow_inv": -32770000,
    "cash_flow_fin": -104884000
  },
  {
    "symbol": "PCLN",
    "end_date": "2015-09-30",
    "amend": "False",
    "period_focus": "Q3",
    "fiscal_year": 2015,
    "doc_type": "10-Q",
    "revenues": 3102901000,
    "op_income": 1488707000,
    "net_income": 1196732000,
    "eps_basic": 23.67,
    "eps_diluted": 23.41,
    "dividend": 0,
    "assets": 16614770000,
    "cur_assets": 4298957000,
    "cur_liab": 1582807000,
    "cash": 1841658000,
    "equity": 8526773000,
    "cash_flow_op": 2221159000,
    "cash_flow_inv": -2674039000,
    "cash_flow_fin": -709195000
  },
  {
    "symbol": "PRSC",
    "end_date": "2015-09-30",
    "amend": "False",
    "period_focus": "Q3",
    "fiscal_year": 2015,
    "doc_type": "10-Q",
    "revenues": 432450000,
    "op_income": 6878000,
    "net_income": -6687000,
    "eps_basic": -0.41,
    "eps_diluted": -0.41,
    "dividend": 0,
    "assets": 1196553000,
    "cur_assets": 414659000,
    "cur_liab": 315459000,
    "cash": 106724000,
    "equity": 235212000,
    "cash_flow_op": 25691000,
    "cash_flow_inv": -42518000,
    "cash_flow_fin": -16639000
  },
  {
    "symbol": "TKAI",
    "end_date": "2015-09-30",
    "amend": "False",
    "period_focus": "Q3",
    "fiscal_year": 2015,
    "doc_type": "10-Q",
    "revenues": 0,
    "op_income": -11907000,
    "net_income": -11853000,
    "eps_basic": -0.53,
    "eps_diluted": -0.53,
    "dividend": 0,
    "assets": 77607000,
    "cur_assets": 76865000,
    "cur_liab": 5657000,
    "cash": 33168000,
    "equity": 71899000,
    "cash_flow_op": -32359000,
    "cash_flow_inv": -40194000,
    "cash_flow_fin": 465000
  },
  {
    "symbol": "TBRA",
    "end_date": "2015-09-30",
    "amend": "False",
    "period_focus": "Q3",
    "fiscal_year": 2015,
    "doc_type": "10-Q",
    "revenues": "",
    "op_income": -26233000,
    "net_income": -22211000,
    "eps_basic": -1.22,
    "eps_diluted": -1.22,
    "dividend": 0,
    "assets": 71820000,
    "cur_assets": 69510000,
    "cur_liab": 5257000,
    "cash": 68624000,
    "equity": 51333000,
    "cash_flow_op": -25197000,
    "cash_flow_inv": 33201000,
    "cash_flow_fin": 54442000
  },
  {
    "symbol": "TW",
    "end_date": "2015-09-30",
    "amend": "False",
    "period_focus": "Q1",
    "fiscal_year": 2016,
    "doc_type": "10-Q",
    "revenues": 895621000,
    "op_income": 129400000,
    "net_income": 123382000,
    "eps_basic": 1.78,
    "eps_diluted": 1.78,
    "dividend": 0.15,
    "assets": 5264354000,
    "cur_assets": 1729248000,
    "cur_liab": 838158000,
    "cash": 699966000,
    "equity": 2997581000,
    "cash_flow_op": -160572000,
    "cash_flow_inv": 74423000,
    "cash_flow_fin": 88270000
  },
  {
    "symbol": "TWER",
    "end_date": "2015-09-30",
    "amend": "False",
    "period_focus": "Q3",
    "fiscal_year": 2015,
    "doc_type": "10-Q",
    "revenues": 7797291,
    "op_income": -6843744,
    "net_income": -8509426,
    "eps_basic": -0.13,
    "eps_diluted": -0.13,
    "dividend": 0,
    "assets": 59258117,
    "cur_assets": 22437256,
    "cur_liab": 5772134,
    "cash": 20308551,
    "equity": 16325554,
    "cash_flow_op": -11642537,
    "cash_flow_inv": -5346956,
    "cash_flow_fin": -729465
  },
  {
    "symbol": "TACT",
    "end_date": "2015-09-30",
    "amend": "False",
    "period_focus": "Q3",
    "fiscal_year": 2015,
    "doc_type": "10-Q",
    "revenues": 14172000,
    "op_income": 1565000,
    "net_income": 1028000,
    "eps_basic": 0.13,
    "eps_diluted": 0.13,
    "dividend": 0.08,
    "assets": 34240000,
    "cur_assets": 27154000,
    "cur_liab": 8248000,
    "cash": 2450000,
    "equity": 25609000,
    "cash_flow_op": 2655000,
    "cash_flow_inv": -487000,
    "cash_flow_fin": -2839000
  },
  {
    "symbol": "TZOO",
    "end_date": "2015-09-30",
    "amend": "False",
    "period_focus": "Q3",
    "fiscal_year": 2015,
    "doc_type": "10-Q",
    "revenues": 33728000,
    "op_income": 860000,
    "net_income": 8857000,
    "eps_basic": 0.6,
    "eps_diluted": 0.6,
    "dividend": 0,
    "assets": 70971000,
    "cur_assets": 58707000,
    "cur_liab": 36810000,
    "cash": 34570000,
    "equity": 22386000,
    "cash_flow_op": 1075000,
    "cash_flow_inv": -819000,
    "cash_flow_fin": -18443000
  },
  {
    "symbol": "TRVN",
    "end_date": "2015-09-30",
    "amend": "False",
    "period_focus": "Q3",
    "fiscal_year": 2015,
    "doc_type": "10-Q",
    "revenues": 1875000,
    "op_income": -10555253,
    "net_income": -10615483,
    "eps_basic": -0.24,
    "eps_diluted": -0.24,
    "dividend": 0,
    "assets": 170672845,
    "cur_assets": 169958959,
    "cur_liab": 10698092,
    "cash": 39034709,
    "equity": 157743220,
    "cash_flow_op": -28223478,
    "cash_flow_inv": -60139329,
    "cash_flow_fin": 91191957
  },
  {
    "symbol": "TCBK",
    "end_date": "2015-09-30",
    "amend": "False",
    "period_focus": "Q3",
    "fiscal_year": 2015,
    "doc_type": "10-Q",
    "revenues": 52974000,
    "op_income": "",
    "net_income": 12694000,
    "eps_basic": 0.56,
    "eps_diluted": 0.55,
    "dividend": 0.13,
    "assets": 4021628000,
    "cur_assets": "",
    "cur_liab": "",
    "cash": 84306000,
    "equity": 443345000,
    "cash_flow_op": 44364000,
    "cash_flow_inv": -512647000,
    "cash_flow_fin": 66853000
  },
  {
    "symbol": "TROV",
    "end_date": "2015-09-30",
    "amend": "False",
    "period_focus": "Q3",
    "fiscal_year": 2015,
    "doc_type": "10-Q",
    "revenues": 57327,
    "op_income": -6409552,
    "net_income": -2741889,
    "eps_basic": -0.1,
    "eps_diluted": -0.23,
    "dividend": 0,
    "assets": 77022854,
    "cur_assets": 74817695,
    "cur_liab": 6969351,
    "cash": 74149797,
    "equity": 54858417,
    "cash_flow_op": -15310089,
    "cash_flow_inv": -1256988,
    "cash_flow_fin": 63423076
  },
  {
    "symbol": "TRMB",
    "end_date": "2015-10-02",
    "amend": "False",
    "period_focus": "Q3",
    "fiscal_year": 2015,
    "doc_type": "10-Q",
    "revenues": 562300000,
    "op_income": 46000000,
    "net_income": 37100000,
    "eps_basic": 0.15,
    "eps_diluted": 0.14,
    "dividend": 0,
    "assets": 3719900000,
    "cur_assets": 853000000,
    "cur_liab": 687500000,
    "cash": 123600000,
    "equity": 2203200000,
    "cash_flow_op": 276400000,
    "cash_flow_inv": -113400000,
    "cash_flow_fin": -177000000
  },
  {
    "symbol": "HEAR",
    "end_date": "2015-09-30",
    "amend": "False",
    "period_focus": "Q3",
    "fiscal_year": 2015,
    "doc_type": "10-Q",
    "revenues": 35887000,
    "op_income": -5761000,
    "net_income": -15880000,
    "eps_basic": -0.38,
    "eps_diluted": -0.38,
    "dividend": 0,
    "assets": 221571000,
    "cur_assets": 93793000,
    "cur_liab": 84224000,
    "cash": 3074000,
    "equity": 100980000,
    "cash_flow_op": -10946000,
    "cash_flow_inv": -4232000,
    "cash_flow_fin": 10369000
  },
  {
    "symbol": "USEG",
    "end_date": "2015-09-30",
    "amend": "False",
    "period_focus": "Q3",
    "fiscal_year": 2015,
    "doc_type": "10-Q",
    "revenues": 2622000,
    "op_income": -25224000,
    "net_income": -23651000,
    "eps_basic": -0.84,
    "eps_diluted": -0.84,
    "dividend": 0,
    "assets": 71502000,
    "cur_assets": 6449000,
    "cur_liab": 15600000,
    "cash": 3877000,
    "equity": 54121000,
    "cash_flow_op": 1246000,
    "cash_flow_inv": -1359000,
    "cash_flow_fin": -20000
  },
  {
    "symbol": "WWAV",
    "end_date": "2015-09-30",
    "amend": "False",
    "period_focus": "Q3",
    "fiscal_year": 2015,
    "doc_type": "10-Q",
    "revenues": 1003888000,
    "op_income": 93112000,
    "net_income": 50022000,
    "eps_basic": 0.28,
    "eps_diluted": 0.28,
    "dividend": 0,
    "assets": 4275479000,
    "cur_assets": 643010000,
    "cur_liab": 518301000,
    "cash": 29021000,
    "equity": 1189432000,
    "cash_flow_op": 169045000,
    "cash_flow_inv": -895925000,
    "cash_flow_fin": 696935000
  },
  {
    "symbol": "UNIS",
    "end_date": "2015-09-30",
    "amend": "False",
    "period_focus": "Q1",
    "fiscal_year": 2016,
    "doc_type": "10-Q",
    "revenues": 3187000,
    "op_income": -23588000,
    "net_income": -25864000,
    "eps_basic": -0.21,
    "eps_diluted": -0.21,
    "dividend": 0,
    "assets": 99807000,
    "cur_assets": 10619000,
    "cur_liab": 33330000,
    "cash": 5801000,
    "equity": -31668000,
    "cash_flow_op": -13623000,
    "cash_flow_inv": -2785000,
    "cash_flow_fin": 9894000
  },
  {
    "symbol": "UNB",
    "end_date": "2015-09-30",
    "amend": "False",
    "period_focus": "Q3",
    "fiscal_year": 2015,
    "doc_type": "10-Q",
    "revenues": 8906000,
    "op_income": "",
    "net_income": 2050000,
    "eps_basic": 0.45,
    "eps_diluted": 0.45,
    "dividend": 0.27,
    "assets": 620266000,
    "cur_assets": "",
    "cur_liab": "",
    "cash": 13684000,
    "equity": 53818000,
    "cash_flow_op": 9776000,
    "cash_flow_inv": -28310000,
    "cash_flow_fin": -9526000
  },
  {
    "symbol": "UDF",
    "end_date": "2015-09-30",
    "amend": "False",
    "period_focus": "Q3",
    "fiscal_year": 2015,
    "doc_type": "10-Q",
    "revenues": 27298069,
    "op_income": "",
    "net_income": 14313976,
    "eps_basic": 0.47,
    "eps_diluted": 0.47,
    "dividend": 0.41,
    "assets": 684059306,
    "cur_assets": "",
    "cur_liab": "",
    "cash": 18979309,
    "equity": 510158276,
    "cash_flow_op": 27780928,
    "cash_flow_inv": 130363,
    "cash_flow_fin": -39413894
  },
  {
    "symbol": "UPIP",
    "end_date": "2015-09-30",
    "amend": "False",
    "period_focus": "Q1",
    "fiscal_year": 2016,
    "doc_type": "10-Q",
    "revenues": 1251000,
    "op_income": -9032000,
    "net_income": -10217000,
    "eps_basic": -0.09,
    "eps_diluted": -0.09,
    "dividend": 0,
    "assets": 80841000,
    "cur_assets": 78150000,
    "cur_liab": 12500000,
    "cash": 73565000,
    "equity": 13801000,
    "cash_flow_op": -8119000,
    "cash_flow_inv": 7975000,
    "cash_flow_fin": -46000
  },
  {
    "symbol": "URRE",
    "end_date": "2015-09-30",
    "amend": "False",
    "period_focus": "Q3",
    "fiscal_year": 2015,
    "doc_type": "10-Q",
    "revenues": "",
    "op_income": "",
    "net_income": 305000,
    "eps_basic": 0.01,
    "eps_diluted": 0.01,
    "dividend": 0,
    "assets": 44802000,
    "cur_assets": 6239000,
    "cur_liab": 3946000,
    "cash": 3836000,
    "equity": 29921000,
    "cash_flow_op": -8481000,
    "cash_flow_inv": 1223000,
    "cash_flow_fin": 5524000
  },
  {
    "symbol": "XPO",
    "end_date": "2015-09-30",
    "amend": "False",
    "period_focus": "Q3",
    "fiscal_year": 2015,
    "doc_type": "10-Q",
    "revenues": 2362100000,
    "op_income": 44100000,
    "net_income": -93100000,
    "eps_basic": -0.94,
    "eps_diluted": -0.94,
    "dividend": 0,
    "assets": 9036600000,
    "cur_assets": 3240700000,
    "cur_liab": 1948800000,
    "cash": 1285300000,
    "equity": 3139800000,
    "cash_flow_op": 39400000,
    "cash_flow_inv": -1695200000,
    "cash_flow_fin": 2302200000
  },
  {
    "symbol": "ZBH",
    "end_date": "2015-09-30",
    "amend": "False",
    "period_focus": "Q3",
    "fiscal_year": 2015,
    "doc_type": "10-Q",
    "revenues": 1762200000,
    "op_income": 116000000,
    "net_income": 22200000,
    "eps_basic": 0.11,
    "eps_diluted": 0.11,
    "dividend": 0.22,
    "assets": 26689100000,
    "cur_assets": 6394700000,
    "cur_liab": 1786500000,
    "cash": 1466900000,
    "equity": 9993300000,
    "cash_flow_op": 429600000,
    "cash_flow_inv": -7679400000,
    "cash_flow_fin": 7655600000
  },
  {
    "symbol": "ZAYO",
    "end_date": "2015-09-30",
    "amend": "False",
    "period_focus": "Q1",
    "fiscal_year": 2016,
    "doc_type": "10-Q",
    "revenues": 366800000,
    "op_income": 52100000,
    "net_income": -15200000,
    "eps_basic": -0.06,
    "eps_diluted": -0.06,
    "dividend": 0,
    "assets": 6165900000,
    "cur_assets": 609100000,
    "cur_liab": 404200000,
    "cash": 345700000,
    "equity": 1243500000,
    "cash_flow_op": 195200000,
    "cash_flow_inv": -159500000,
    "cash_flow_fin": 2600000
  },
  {
    "symbol": "VNR",
    "end_date": "2015-09-30",
    "amend": "False",
    "period_focus": "Q3",
    "fiscal_year": 2015,
    "doc_type": "10-Q",
    "revenues": 155155000,
    "op_income": -440057000,
    "net_income": -468967000,
    "eps_basic": -5.39,
    "eps_diluted": -5.39,
    "dividend": 0,
    "assets": 2313389000,
    "cur_assets": 236710000,
    "cur_liab": 165601000,
    "cash": 19490000,
    "equity": "",
    "cash_flow_op": 265319000,
    "cash_flow_inv": -106965000,
    "cash_flow_fin": -138864000
  },
  {
    "symbol": "APPY",
    "end_date": "2015-09-30",
    "amend": "False",
    "period_focus": "Q3",
    "fiscal_year": 2015,
    "doc_type": "10-Q",
    "revenues": 57089,
    "op_income": -1590633,
    "net_income": -1583084,
    "eps_basic": -0.05,
    "eps_diluted": -0.05,
    "dividend": 0,
    "assets": 23083872,
    "cur_assets": 19394973,
    "cur_liab": 1116631,
    "cash": 3230308,
    "equity": 18901498,
    "cash_flow_op": -5216437,
    "cash_flow_inv": 5236973,
    "cash_flow_fin": -330139
  },
  {
    "symbol": "VSTM",
    "end_date": "2015-09-30",
    "amend": "False",
    "period_focus": "Q3",
    "fiscal_year": 2015,
    "doc_type": "10-Q",
    "revenues": "",
    "op_income": -15534000,
    "net_income": -15445000,
    "eps_basic": -0.42,
    "eps_diluted": -0.42,
    "dividend": 0,
    "assets": 123666000,
    "cur_assets": 121181000,
    "cur_liab": 10864000,
    "cash": 19831000,
    "equity": 112243000,
    "cash_flow_op": -35356000,
    "cash_flow_inv": -42248000,
    "cash_flow_fin": 63534000
  },
  {
    "symbol": "VTNR",
    "end_date": "2015-09-30",
    "amend": "False",
    "period_focus": "Q3",
    "fiscal_year": 2015,
    "doc_type": "10-Q",
    "revenues": 39262584,
    "op_income": -2498920,
    "net_income": -2972571,
    "eps_basic": -0.11,
    "eps_diluted": -0.11,
    "dividend": 0,
    "assets": 106970541,
    "cur_assets": 18934492,
    "cur_liab": 19092770,
    "cash": 4020161,
    "equity": 44579509,
    "cash_flow_op": -7762018,
    "cash_flow_inv": -2737637,
    "cash_flow_fin": 8502740
  },
  {
    "symbol": "VSAT",
    "end_date": "2015-09-30",
    "amend": "False",
    "period_focus": "Q2",
    "fiscal_year": 2016,
    "doc_type": "10-Q",
    "revenues": 353330000,
    "op_income": 13826000,
    "net_income": 4936000,
    "eps_basic": 0.1,
    "eps_diluted": 0.1,
    "dividend": 0,
    "assets": 2245799000,
    "cur_assets": 584118000,
    "cur_liab": 252377000,
    "cash": 46406000,
    "equity": 1097099000,
    "cash_flow_op": 107498000,
    "cash_flow_inv": -173613000,
    "cash_flow_fin": 60244000
  },
  {
    "symbol": "VRNG",
    "end_date": "2015-09-30",
    "amend": "False",
    "period_focus": "Q3",
    "fiscal_year": 2015,
    "doc_type": "10-Q",
    "revenues": 0,
    "op_income": -9690000,
    "net_income": -11871000,
    "eps_basic": -0.12,
    "eps_diluted": -0.12,
    "dividend": 0,
    "assets": 33630000,
    "cur_assets": 17348000,
    "cur_liab": 14104000,
    "cash": 14402000,
    "equity": 16702000,
    "cash_flow_op": -13553000,
    "cash_flow_inv": -272000,
    "cash_flow_fin": 12207000
  },
  {
    "symbol": "WRES",
    "end_date": "2015-09-30",
    "amend": "False",
    "period_focus": "Q3",
    "fiscal_year": 2015,
    "doc_type": "10-Q",
    "revenues": 20804000,
    "op_income": -189542000,
    "net_income": -186063000,
    "eps_basic": -2.29,
    "eps_diluted": -2.29,
    "dividend": 0,
    "assets": 450456000,
    "cur_assets": 32245000,
    "cur_liab": 43254000,
    "cash": 9501000,
    "equity": -79285000,
    "cash_flow_op": 6284000,
    "cash_flow_inv": -28968000,
    "cash_flow_fin": 30482000
  },
  {
    "symbol": "WFBI",
    "end_date": "2015-09-30",
    "amend": "False",
    "period_focus": "Q3",
    "fiscal_year": 2015,
    "doc_type": "10-Q",
    "revenues": 19384000,
    "op_income": "",
    "net_income": 3134000,
    "eps_basic": 0.31,
    "eps_diluted": 0.31,
    "dividend": 0.05,
    "assets": 1598889000,
    "cur_assets": "",
    "cur_liab": "",
    "cash": 64065000,
    "equity": 154559000,
    "cash_flow_op": 15065000,
    "cash_flow_inv": -218327000,
    "cash_flow_fin": 205021000
  },
  {
    "symbol": "WBMD",
    "end_date": "2015-09-30",
    "amend": "False",
    "period_focus": "Q3",
    "fiscal_year": 2015,
    "doc_type": "10-Q",
    "revenues": 152607000,
    "op_income": "",
    "net_income": 13188000,
    "eps_basic": 0.36,
    "eps_diluted": 0.32,
    "dividend": 0,
    "assets": 1094922000,
    "cur_assets": 791165000,
    "cur_liab": 276064000,
    "cash": 612332000,
    "equity": 96893000,
    "cash_flow_op": 77178000,
    "cash_flow_inv": -25499000,
    "cash_flow_fin": -146123000
  },
  {
    "symbol": "WEBK",
    "end_date": "2015-09-30",
    "amend": "False",
    "period_focus": "Q3",
    "fiscal_year": 2015,
    "doc_type": "10-Q",
    "revenues": 5930000,
    "op_income": "",
    "net_income": 700000,
    "eps_basic": 0.3,
    "eps_diluted": 0.3,
    "dividend": 0,
    "assets": 589515000,
    "cur_assets": "",
    "cur_liab": "",
    "cash": 2478000,
    "equity": 51390000,
    "cash_flow_op": 3062000,
    "cash_flow_inv": -58162000,
    "cash_flow_fin": 51710000
  },
  {
    "symbol": "WDC",
    "end_date": "2015-10-02",
    "amend": "False",
    "period_focus": "Q1",
    "fiscal_year": 2016,
    "doc_type": "10-Q",
    "revenues": 3360000000,
    "op_income": 322000000,
    "net_income": 283000000,
    "eps_basic": 1.23,
    "eps_diluted": 1.21,
    "dividend": 0,
    "assets": 15261000000,
    "cur_assets": 8655000000,
    "cur_liab": 3231000000,
    "cash": 5081000000,
    "equity": 9336000000,
    "cash_flow_op": 545000000,
    "cash_flow_inv": -273000000,
    "cash_flow_fin": -215000000
  },
  {
    "symbol": "WSTL",
    "end_date": "2015-06-30",
    "amend": "True",
    "period_focus": "Q1",
    "fiscal_year": 2016,
    "doc_type": "10-Q",
    "revenues": 21570000,
    "op_income": -4238000,
    "net_income": -3866000,
    "eps_basic": -0.06,
    "eps_diluted": -0.06,
    "dividend": 0,
    "assets": 99093000,
    "cur_assets": 70606000,
    "cur_liab": 16679000,
    "cash": 20847000,
    "equity": 78281000,
    "cash_flow_op": -609000,
    "cash_flow_inv": 7644000,
    "cash_flow_fin": -216000
  },
  {
    "symbol": "WSTL",
    "end_date": "2015-03-31",
    "amend": "True",
    "period_focus": "FY",
    "fiscal_year": 2015,
    "doc_type": "10-K",
    "revenues": 84127000,
    "op_income": -59240000,
    "net_income": -58902000,
    "eps_basic": -0.98,
    "eps_diluted": -0.98,
    "dividend": 0,
    "assets": 100377000,
    "cur_assets": 70574000,
    "cur_liab": 14347000,
    "cash": 14026000,
    "equity": 81739000,
    "cash_flow_op": -9287000,
    "cash_flow_inv": -10763000,
    "cash_flow_fin": -1710000
  },
  {
    "symbol": "WSTL",
    "end_date": "2015-09-30",
    "amend": "False",
    "period_focus": "Q2",
    "fiscal_year": 2016,
    "doc_type": "10-Q",
    "revenues": 25514000,
    "op_income": -2432000,
    "net_income": -2473000,
    "eps_basic": -0.04,
    "eps_diluted": -0.04,
    "dividend": 0,
    "assets": 96898000,
    "cur_assets": 69180000,
    "cur_liab": 17185000,
    "cash": 32878000,
    "equity": 76025000,
    "cash_flow_op": 231000,
    "cash_flow_inv": 19164000,
    "cash_flow_fin": -540000
  },
  {
    "symbol": "WHLR",
    "end_date": "2015-09-30",
    "amend": "False",
    "period_focus": "Q3",
    "fiscal_year": 2015,
    "doc_type": "10-Q",
    "revenues": 7167213,
    "op_income": -5059002,
    "net_income": -22134127,
    "eps_basic": -0.35,
    "eps_diluted": -0.35,
    "dividend": 0,
    "assets": 339037026,
    "cur_assets": "",
    "cur_liab": "",
    "cash": 7993293,
    "equity": 113383141,
    "cash_flow_op": -6708444,
    "cash_flow_inv": -61375935,
    "cash_flow_fin": 66107924
  },
  {
    "symbol": "WTFC",
    "end_date": "2015-09-30",
    "amend": "False",
    "period_focus": "Q3",
    "fiscal_year": 2015,
    "doc_type": "10-Q",
    "revenues": 230493000,
    "op_income": "",
    "net_income": 34276000,
    "eps_basic": 0.71,
    "eps_diluted": 0.69,
    "dividend": 0.11,
    "assets": 22043930000,
    "cur_assets": "",
    "cur_liab": "",
    "cash": 250655000,
    "equity": 2335736000,
    "cash_flow_op": 37070000,
    "cash_flow_inv": -847510000,
    "cash_flow_fin": 830388000
  },
  {
    "symbol": "WETF",
    "end_date": "2015-09-30",
    "amend": "False",
    "period_focus": "Q3",
    "fiscal_year": 2015,
    "doc_type": "10-Q",
    "revenues": 80753000,
    "op_income": "",
    "net_income": 23288000,
    "eps_basic": 0.17,
    "eps_diluted": 0.17,
    "dividend": 0.08,
    "assets": 292416000,
    "cur_assets": 250761000,
    "cur_liab": 39540000,
    "cash": 211992000,
    "equity": 245214000,
    "cash_flow_op": 110148000,
    "cash_flow_inv": -11278000,
    "cash_flow_fin": -52085000
  },
  {
    "symbol": "XENE",
    "end_date": "2015-09-30",
    "amend": "False",
    "period_focus": "Q3",
    "fiscal_year": 2015,
    "doc_type": "10-Q",
    "revenues": 4294000,
    "op_income": -820000,
    "net_income": -3827000,
    "eps_basic": -0.27,
    "eps_diluted": -0.27,
    "dividend": 0,
    "assets": 69944000,
    "cur_assets": 66114000,
    "cur_liab": 5336000,
    "cash": 65469000,
    "equity": 64459000,
    "cash_flow_op": -12856000,
    "cash_flow_inv": 10337000,
    "cash_flow_fin": 240000
  },
  {
    "symbol": "XBKS",
    "end_date": "2015-09-30",
    "amend": "False",
    "period_focus": "Q3",
    "fiscal_year": 2015,
    "doc_type": "10-Q",
    "revenues": 9329000,
    "op_income": "",
    "net_income": 928000,
    "eps_basic": 0.07,
    "eps_diluted": 0.07,
    "dividend": 0,
    "assets": 970988000,
    "cur_assets": "",
    "cur_liab": "",
    "cash": 26749000,
    "equity": 100772000,
    "cash_flow_op": 1713000,
    "cash_flow_inv": -62423000,
    "cash_flow_fin": 48260000
  },
  {
    "symbol": "YDLE",
    "end_date": "2015-09-30",
    "amend": "False",
    "period_focus": "Q3",
    "fiscal_year": 2015,
    "doc_type": "10-Q",
    "revenues": 28567000,
    "op_income": -2812000,
    "net_income": -3215000,
    "eps_basic": -0.11,
    "eps_diluted": -0.11,
    "dividend": 0,
    "assets": 114252000,
    "cur_assets": 98389000,
    "cur_liab": 25857000,
    "cash": 73095000,
    "equity": 83488000,
    "cash_flow_op": -618000,
    "cash_flow_inv": -4380000,
    "cash_flow_fin": 4573000
  },
  {
    "symbol": "ZN",
    "end_date": "2015-09-30",
    "amend": "False",
    "period_focus": "Q3",
    "fiscal_year": 2015,
    "doc_type": "10-Q",
    "revenues": "",
    "op_income": -1984000,
    "net_income": -2003000,
    "eps_basic": -0.05,
    "eps_diluted": -0.05,
    "dividend": 0,
    "assets": 10884000,
    "cur_assets": 6076000,
    "cur_liab": 2333000,
    "cash": 4214000,
    "equity": 8320000,
    "cash_flow_op": -4132000,
    "cash_flow_inv": -62000,
    "cash_flow_fin": 3064000
  },
  {
    "symbol": "YCB",
    "end_date": "2015-09-30",
    "amend": "False",
    "period_focus": "Q3",
    "fiscal_year": 2015,
    "doc_type": "10-Q",
    "revenues": 18204000,
    "op_income": "",
    "net_income": 3807000,
    "eps_basic": 0.7,
    "eps_diluted": 0.7,
    "dividend": 0.12,
    "assets": 1572687000,
    "cur_assets": "",
    "cur_liab": "",
    "cash": 29618000,
    "equity": 151502000,
    "cash_flow_op": 5380000,
    "cash_flow_inv": 100383000,
    "cash_flow_fin": -89017000
  },
  {
    "symbol": "ZSAN",
    "end_date": "2015-09-30",
    "amend": "False",
    "period_focus": "Q3",
    "fiscal_year": 2015,
    "doc_type": "10-Q",
    "revenues": 0,
    "op_income": -8346000,
    "net_income": -8619000,
    "eps_basic": -0.72,
    "eps_diluted": -0.72,
    "dividend": 0,
    "assets": 53023000,
    "cur_assets": 39516000,
    "cur_liab": 5824000,
    "cash": 4875000,
    "equity": 33895000,
    "cash_flow_op": -17530000,
    "cash_flow_inv": -39342000,
    "cash_flow_fin": 60533000
  },
  {
    "symbol": "ZSPH",
    "end_date": "2015-09-30",
    "amend": "False",
    "period_focus": "Q3",
    "fiscal_year": 2015,
    "doc_type": "10-Q",
    "revenues": "",
    "op_income": -35246000,
    "net_income": -35349000,
    "eps_basic": -1.41,
    "eps_diluted": -1.41,
    "dividend": 0,
    "assets": 230540000,
    "cur_assets": 210742000,
    "cur_liab": 20569000,
    "cash": 64347000,
    "equity": 199774000,
    "cash_flow_op": -60957000,
    "cash_flow_inv": -95062000,
    "cash_flow_fin": 172964000
  },
  {
    "symbol": "ZGNX",
    "end_date": "2015-09-30",
    "amend": "False",
    "period_focus": "Q3",
    "fiscal_year": 2015,
    "doc_type": "10-Q",
    "revenues": 9120000,
    "op_income": -12081000,
    "net_income": -14616000,
    "eps_basic": -0.65,
    "eps_diluted": -0.65,
    "dividend": 0,
    "assets": 321563000,
    "cur_assets": 200624000,
    "cur_liab": 35026000,
    "cash": 162683000,
    "equity": 189814000,
    "cash_flow_op": -50852000,
    "cash_flow_inv": 79211000,
    "cash_flow_fin": 92119000
  }
]
