[
  {
    "symbol": "AAP",
    "end_date": "2016-04-23",
    "amend": "False",
    "period_focus": "Q1",
    "fiscal_year": 2016,
    "doc_type": "10-Q",
    "revenues": 2979778000,
    "op_income": 270999000,
    "net_income": 158813000,
    "eps_basic": 2.16,
    "eps_diluted": 2.14,
    "dividend": 0.06,
    "assets": 8438963000,
    "cur_assets": 5266227000,
    "cur_liab": 3908563000,
    "cash": 103708000,
    "equity": 2629139000,
    "cash_flow_op": 75301000,
    "cash_flow_inv": -87911000,
    "cash_flow_fin": 22952000
  },
  {
    "symbol": "WMS",
    "end_date": "2015-06-30",
    "amend": "False",
    "period_focus": "Q1",
    "fiscal_year": 2015,
    "doc_type": "10-Q",
    "revenues": 349124000,
    "op_income": 29681000,
    "net_income": 9475000,
    "eps_basic": 0.18,
    "eps_diluted": 0.18,
    "dividend": 0.05,
    "assets": 1117865000,
    "cur_assets": 514366000,
    "cur_liab": 207532000,
    "cash": 4847000,
    "equity": 220706000,
    "cash_flow_op": -18142000,
    "cash_flow_inv": -15561000,
    "cash_flow_fin": 34745000
  },
  {
    "symbol": "WMS",
    "end_date": "2015-09-30",
    "amend": "False",
    "period_focus": "Q2",
    "fiscal_year": 2015,
    "doc_type": "10-Q",
    "revenues": 383329000,
    "op_income": 33360000,
    "net_income": 9452000,
    "eps_basic": 0.18,
    "eps_diluted": 0.17,
    "dividend": 0.05,
    "assets": 1106635000,
    "cur_assets": 500859000,
    "cur_liab": 228459000,
    "cash": 3481000,
    "equity": 226112000,
    "cash_flow_op": 16924000,
    "cash_flow_inv": -25100000,
    "cash_flow_fin": 7674000
  },
  {
    "symbol": "WMS",
    "end_date": "2015-12-31",
    "amend": "False",
    "period_focus": "Q3",
    "fiscal_year": 2016,
    "doc_type": "10-Q",
    "revenues": 312827000,
    "op_income": 24088000,
    "net_income": 6813000,
    "eps_basic": 0.13,
    "eps_diluted": 0.12,
    "dividend": 0.05,
    "assets": 1000847000,
    "cur_assets": 402276000,
    "cur_liab": 211475000,
    "cash": 6412000,
    "equity": 230424000,
    "cash_flow_op": 129441000,
    "cash_flow_inv": -35403000,
    "cash_flow_fin": -89816000
  },
  {
    "symbol": "BRS",
    "end_date": "2016-03-31",
    "amend": "False",
    "period_focus": "FY",
    "fiscal_year": 2016,
    "doc_type": "10-K",
    "revenues": 1715513000,
    "op_income": "",
    "net_income": -73940000,
    "eps_basic": -2.12,
    "eps_diluted": -2.12,
    "dividend": 1.09,
    "assets": 3271862000,
    "cur_assets": 593096000,
    "cur_liab": 392690000,
    "cash": 104310000,
    "equity": 1509892000,
    "cash_flow_op": 116026000,
    "cash_flow_inv": -316750000,
    "cash_flow_fin": 191614000
  },
  {
    "symbol": "CHS",
    "end_date": "2016-04-30",
    "amend": "False",
    "period_focus": "Q1",
    "fiscal_year": 2016,
    "doc_type": "10-Q",
    "revenues": 642977000,
    "op_income": 50543000,
    "net_income": 30438000,
    "eps_basic": 0.23,
    "eps_diluted": 0.23,
    "dividend": 0.16,
    "assets": 1136116000,
    "cur_assets": 450527000,
    "cur_liab": 296858000,
    "cash": 56502000,
    "equity": 613477000,
    "cash_flow_op": 32636000,
    "cash_flow_inv": -13303000,
    "cash_flow_fin": -52751000
  },
  {
    "symbol": "CSRA",
    "end_date": "2016-04-01",
    "amend": "False",
    "period_focus": "FY",
    "fiscal_year": 2016,
    "doc_type": "10-K",
    "revenues": 4250447000,
    "op_income": 562730000,
    "net_income": 87145000,
    "eps_basic": 0.54,
    "eps_diluted": 0.53,
    "dividend": 0.2,
    "assets": 4846300000,
    "cur_assets": 1004522000,
    "cur_liab": 1085739000,
    "cash": 130016000,
    "equity": 90238000,
    "cash_flow_op": 553516000,
    "cash_flow_inv": -1605319000,
    "cash_flow_fin": 1176840000
  },
  {
    "symbol": "DECK",
    "end_date": "2016-03-31",
    "amend": "False",
    "period_focus": "FY",
    "fiscal_year": 2016,
    "doc_type": "10-K",
    "revenues": 526000000,
    "op_income": 162127000,
    "net_income": 122265000,
    "eps_basic": 3.76,
    "eps_diluted": 3.7,
    "dividend": 0,
    "assets": 1278068000,
    "cur_assets": 785765000,
    "cur_liab": 238498000,
    "cash": 245956000,
    "equity": 967471000,
    "cash_flow_op": 125581000,
    "cash_flow_inv": -67221000,
    "cash_flow_fin": -36340000
  },
  {
    "symbol": "LPG",
    "end_date": "2016-03-31",
    "amend": "True",
    "period_focus": "FY",
    "fiscal_year": 2016,
    "doc_type": "10-K",
    "revenues": 289207829,
    "op_income": 158415187,
    "net_income": 129688382,
    "eps_basic": 2.29,
    "eps_diluted": 2.29,
    "dividend": 0,
    "assets": 1865926292,
    "cur_assets": 105559417,
    "cur_liab": 88128373,
    "cash": 46411962,
    "equity": 985599237,
    "cash_flow_op": 151027500,
    "cash_flow_inv": -910414841,
    "cash_flow_fin": 601090409
  },
  {
    "symbol": "DY",
    "end_date": "2016-04-23",
    "amend": "False",
    "period_focus": "Q3",
    "fiscal_year": 2016,
    "doc_type": "10-Q",
    "revenues": 664645000,
    "op_income": "",
    "net_income": 33083000,
    "eps_basic": 1.02,
    "eps_diluted": 1,
    "dividend": 0,
    "assets": 1599286000,
    "cur_assets": 848784000,
    "cur_liab": 242545000,
    "cash": 19327000,
    "equity": 501740000,
    "cash_flow_op": 78973000,
    "cash_flow_inv": -181572000,
    "cash_flow_fin": 100637000
  },
  {
    "symbol": "ENS",
    "end_date": "2016-03-31",
    "amend": "False",
    "period_focus": "FY",
    "fiscal_year": 2015,
    "doc_type": "10-K",
    "revenues": 2316249000,
    "op_income": 209999000,
    "net_income": 136150000,
    "eps_basic": 3.08,
    "eps_diluted": 2.99,
    "dividend": 0.7,
    "assets": 2214488000,
    "cur_assets": 1296239000,
    "cur_liab": 451171000,
    "cash": 397307000,
    "equity": 1018435000,
    "cash_flow_op": 307571000,
    "cash_flow_inv": -80923000,
    "cash_flow_fin": -105729000
  },
  {
    "symbol": "EXAR",
    "end_date": "2016-03-27",
    "amend": "False",
    "period_focus": "FY",
    "fiscal_year": 2016,
    "doc_type": "10-K",
    "revenues": 113587000,
    "op_income": -16533000,
    "net_income": -16026000,
    "eps_basic": -0.33,
    "eps_diluted": -0.33,
    "dividend": 0,
    "assets": 255373000,
    "cur_assets": 118758000,
    "cur_liab": 36117000,
    "cash": 55070000,
    "equity": 214549000,
    "cash_flow_op": 3925000,
    "cash_flow_inv": -1279000,
    "cash_flow_fin": -2809000
  },
  {
    "symbol": "GHM",
    "end_date": "2016-03-31",
    "amend": "False",
    "period_focus": "FY",
    "fiscal_year": 2016,
    "doc_type": "10-K",
    "revenues": 90039000,
    "op_income": "",
    "net_income": 6131000,
    "eps_basic": 0.61,
    "eps_diluted": 0.61,
    "dividend": 0.33,
    "assets": 143131000,
    "cur_assets": 102730000,
    "cur_liab": 27923000,
    "cash": 24072000,
    "equity": 109380000,
    "cash_flow_op": 18751000,
    "cash_flow_inv": -9150000,
    "cash_flow_fin": -12693000
  },
  {
    "symbol": "HEI",
    "end_date": "2016-04-30",
    "amend": "False",
    "period_focus": "Q2",
    "fiscal_year": 2016,
    "doc_type": "10-Q",
    "revenues": 350648000,
    "op_income": 66794000,
    "net_income": 38657000,
    "eps_basic": 0.58,
    "eps_diluted": 0.57,
    "dividend": 0,
    "assets": 2017112000,
    "cur_assets": 545998000,
    "cur_liab": 161828000,
    "cash": 36789000,
    "equity": 978441000,
    "cash_flow_op": 102705000,
    "cash_flow_inv": -282598000,
    "cash_flow_fin": 181704000
  },
  {
    "symbol": "JCP",
    "end_date": "2016-04-30",
    "amend": "False",
    "period_focus": "Q1",
    "fiscal_year": 2016,
    "doc_type": "10-Q",
    "revenues": 2811000000,
    "op_income": 22000000,
    "net_income": -68000000,
    "eps_basic": -0.22,
    "eps_diluted": -0.22,
    "dividend": 0,
    "assets": 9126000000,
    "cur_assets": 3798000000,
    "cur_liab": 2458000000,
    "cash": 415000000,
    "equity": 1250000000,
    "cash_flow_op": -394000000,
    "cash_flow_inv": -11000000,
    "cash_flow_fin": -80000000
  },
  {
    "symbol": "LOW",
    "end_date": "2016-04-29",
    "amend": "False",
    "period_focus": "Q1",
    "fiscal_year": 2016,
    "doc_type": "10-Q",
    "revenues": 15234000000,
    "op_income": "",
    "net_income": 880000000,
    "eps_basic": 0.98,
    "eps_diluted": 0.98,
    "dividend": 0.28,
    "assets": 37177000000,
    "cur_assets": 16473000000,
    "cur_liab": 14121000000,
    "cash": 4561000000,
    "equity": 7212000000,
    "cash_flow_op": 3220000000,
    "cash_flow_inv": -349000000,
    "cash_flow_fin": 1284000000
  },
  {
    "symbol": "NWY",
    "end_date": "2016-04-30",
    "amend": "False",
    "period_focus": "Q1",
    "fiscal_year": 2016,
    "doc_type": "10-Q",
    "revenues": 216038000,
    "op_income": -5398000,
    "net_income": -5716000,
    "eps_basic": -0.09,
    "eps_diluted": -0.09,
    "dividend": 0,
    "assets": 290260000,
    "cur_assets": 187279000,
    "cur_liab": 147450000,
    "cash": 47628000,
    "equity": 89318000,
    "cash_flow_op": -11574000,
    "cash_flow_inv": -1869000,
    "cash_flow_fin": -361000
  },
  {
    "symbol": "NGL",
    "end_date": "2016-03-31",
    "amend": "False",
    "period_focus": "FY",
    "fiscal_year": 2016,
    "doc_type": "10-K",
    "revenues": 11742110000,
    "op_income": -104603000,
    "net_income": -187097000,
    "eps_basic": -2.35,
    "eps_diluted": -2.35,
    "dividend": 0,
    "assets": 5560155000,
    "cur_assets": 1028480000,
    "cur_liab": 706017000,
    "cash": 28176000,
    "equity": "",
    "cash_flow_op": 351495000,
    "cash_flow_inv": -445327000,
    "cash_flow_fin": 80705000
  },
  {
    "symbol": "PANW",
    "end_date": "2016-04-30",
    "amend": "False",
    "period_focus": "Q3",
    "fiscal_year": 2016,
    "doc_type": "10-Q",
    "revenues": 345800000,
    "op_income": -58600000,
    "net_income": -70200000,
    "eps_basic": -0.8,
    "eps_diluted": -0.8,
    "dividend": 0,
    "assets": 2507000000,
    "cur_assets": 1446200000,
    "cur_liab": 1239000000,
    "cash": 550000000,
    "equity": 659000000,
    "cash_flow_op": 470600000,
    "cash_flow_inv": -339300000,
    "cash_flow_fin": 42900000
  },
  {
    "symbol": "STE",
    "end_date": "2016-03-31",
    "amend": "False",
    "period_focus": "FY",
    "fiscal_year": 2016,
    "doc_type": "10-K",
    "revenues": 2238764000,
    "op_income": 212927000,
    "net_income": 110763000,
    "eps_basic": 1.57,
    "eps_diluted": 1.56,
    "dividend": 0.98,
    "assets": 5346416000,
    "cur_assets": 972525000,
    "cur_liab": 400606000,
    "cash": 248841000,
    "equity": 3038892000,
    "cash_flow_op": 254675000,
    "cash_flow_inv": -729584000,
    "cash_flow_fin": 560289000
  },
  {
    "symbol": "SF",
    "end_date": "2015-12-31",
    "amend": "True",
    "period_focus": "FY",
    "fiscal_year": 2015,
    "doc_type": "10-K",
    "revenues": 2376993000,
    "op_income": "",
    "net_income": 92336000,
    "eps_basic": 1.35,
    "eps_diluted": 1.18,
    "dividend": 0,
    "assets": 13335915000,
    "cur_assets": "",
    "cur_liab": "",
    "cash": 811019000,
    "equity": 2492416000,
    "cash_flow_op": -326829000,
    "cash_flow_inv": -1973265000,
    "cash_flow_fin": 2424932000
  },
  {
    "symbol": "THR",
    "end_date": "2016-03-31",
    "amend": "False",
    "period_focus": "FY",
    "fiscal_year": 2016,
    "doc_type": "10-K",
    "revenues": 281928000,
    "op_income": 36761000,
    "net_income": 23009000,
    "eps_basic": 0.72,
    "eps_diluted": 0.71,
    "dividend": 0,
    "assets": 468677000,
    "cur_assets": 199753000,
    "cur_liab": 57571000,
    "cash": 84570000,
    "equity": 298701000,
    "cash_flow_op": 47920000,
    "cash_flow_inv": -41568000,
    "cash_flow_fin": -15009000
  },
  {
    "symbol": "TJX",
    "end_date": "2016-04-30",
    "amend": "False",
    "period_focus": "Q1",
    "fiscal_year": 2017,
    "doc_type": "10-Q",
    "revenues": 7542356000,
    "op_income": 918886000,
    "net_income": 508346000,
    "eps_basic": 0.77,
    "eps_diluted": 0.76,
    "dividend": 0.26,
    "assets": 11704722000,
    "cur_assets": 6877701000,
    "cur_liab": 4296735000,
    "cash": 1944155000,
    "equity": 4534969000,
    "cash_flow_op": 420268000,
    "cash_flow_inv": -289141000,
    "cash_flow_fin": -379492000
  },
  {
    "symbol": "TGI",
    "end_date": "2016-03-31",
    "amend": "False",
    "period_focus": "FY",
    "fiscal_year": 2016,
    "doc_type": "10-K",
    "revenues": 3886072000,
    "op_income": -1091106000,
    "net_income": -1047960000,
    "eps_basic": -21.29,
    "eps_diluted": -21.29,
    "dividend": 0.16,
    "assets": 4835093000,
    "cur_assets": 1742641000,
    "cur_liab": 1135874000,
    "cash": 20984000,
    "equity": 934944000,
    "cash_flow_op": 83863000,
    "cash_flow_inv": -128029000,
    "cash_flow_fin": 32454000
  },
  {
    "symbol": "UVV",
    "end_date": "2016-03-31",
    "amend": "False",
    "period_focus": "FY",
    "fiscal_year": 2016,
    "doc_type": "10-K",
    "revenues": 2120373000,
    "op_income": 181647000,
    "net_income": 94268000,
    "eps_basic": 4.16,
    "eps_diluted": 3.92,
    "dividend": 2.1,
    "assets": 2232797000,
    "cur_assets": 1638546000,
    "cur_liab": 246270000,
    "cash": 319447000,
    "equity": 1453062000,
    "cash_flow_op": 183591000,
    "cash_flow_inv": -50931000,
    "cash_flow_fin": -61706000
  },
  {
    "symbol": "VSTO",
    "end_date": "2016-03-31",
    "amend": "False",
    "period_focus": "FY",
    "fiscal_year": 2016,
    "doc_type": "10-K",
    "revenues": 2270734000,
    "op_income": 262758000,
    "net_income": 147037000,
    "eps_basic": 2.36,
    "eps_diluted": 2.35,
    "dividend": 0,
    "assets": 2942634000,
    "cur_assets": 1049664000,
    "cur_liab": 368901000,
    "cash": 151692000,
    "equity": 1660167000,
    "cash_flow_op": 198002000,
    "cash_flow_inv": -503204000,
    "cash_flow_fin": 192600000
  },
  {
    "symbol": "ZOES",
    "end_date": "2016-04-18",
    "amend": "False",
    "period_focus": "Q1",
    "fiscal_year": 2016,
    "doc_type": "10-Q",
    "revenues": 80411000,
    "op_income": 2836000,
    "net_income": 1396000,
    "eps_basic": 0.07,
    "eps_diluted": 0.07,
    "dividend": 0,
    "assets": 207026000,
    "cur_assets": 28418000,
    "cur_liab": 24319000,
    "cash": 20614000,
    "equity": 127535000,
    "cash_flow_op": 9481000,
    "cash_flow_inv": -8468000,
    "cash_flow_fin": 470000
  },
  {
    "symbol": "ABAX",
    "end_date": "2016-03-31",
    "amend": "False",
    "period_focus": "FY",
    "fiscal_year": 2016,
    "doc_type": "10-K",
    "revenues": 218901000,
    "op_income": 46354000,
    "net_income": 31630000,
    "eps_basic": 1.4,
    "eps_diluted": 1.38,
    "dividend": 0.44,
    "assets": 271380000,
    "cur_assets": 212198000,
    "cur_liab": 29172000,
    "cash": 88323000,
    "equity": 236312000,
    "cash_flow_op": 28056000,
    "cash_flow_inv": -20237000,
    "cash_flow_fin": -26627000
  },
  {
    "symbol": "EGHT",
    "end_date": "2016-03-31",
    "amend": "False",
    "period_focus": "FY",
    "fiscal_year": 2016,
    "doc_type": "10-K",
    "revenues": 209336000,
    "op_income": -7074000,
    "net_income": -5120000,
    "eps_basic": -0.06,
    "eps_diluted": -0.06,
    "dividend": 0,
    "assets": 313452000,
    "cur_assets": 185900000,
    "cur_liab": 34734000,
    "cash": 33576000,
    "equity": 275306000,
    "cash_flow_op": 23567000,
    "cash_flow_inv": -36295000,
    "cash_flow_fin": -7248000
  },
  {
    "symbol": "ACXM",
    "end_date": "2016-03-31",
    "amend": "False",
    "period_focus": "FY",
    "fiscal_year": 2016,
    "doc_type": "10-K",
    "revenues": 850088000,
    "op_income": -13063000,
    "net_income": 6703000,
    "eps_basic": 0.09,
    "eps_diluted": 0.09,
    "dividend": 0,
    "assets": 1149849000,
    "cur_assets": 376010000,
    "cur_liab": 224000000,
    "cash": 189629000,
    "equity": 698968000,
    "cash_flow_op": 113642000,
    "cash_flow_inv": -69242000,
    "cash_flow_fin": -126027000
  },
  {
    "symbol": "AMSC",
    "end_date": "2016-03-31",
    "amend": "False",
    "period_focus": "FY",
    "fiscal_year": 2015,
    "doc_type": "10-K",
    "revenues": 96023000,
    "op_income": -20118000,
    "net_income": -23139000,
    "eps_basic": -1.76,
    "eps_diluted": -1.76,
    "dividend": 0,
    "assets": 135318000,
    "cur_assets": 83341000,
    "cur_liab": 41007000,
    "cash": 39330000,
    "equity": 83549000,
    "cash_flow_op": -4559000,
    "cash_flow_inv": 4873000,
    "cash_flow_fin": 18202000
  },
  {
    "symbol": "TGLS",
    "end_date": "2015-09-30",
    "amend": "True",
    "period_focus": "Q3",
    "fiscal_year": 2015,
    "doc_type": "10-Q",
    "revenues": 62892000,
    "op_income": 10816000,
    "net_income": -1938000,
    "eps_basic": -0.08,
    "eps_diluted": -0.08,
    "dividend": 0,
    "assets": 291487000,
    "cur_assets": 156221000,
    "cur_liab": 150902000,
    "cash": 16871000,
    "equity": 28201000,
    "cash_flow_op": 10242000,
    "cash_flow_inv": -19153000,
    "cash_flow_fin": 7147000
  },
  {
    "symbol": "TGLS",
    "end_date": "2013-12-31",
    "amend": "True",
    "period_focus": "FY",
    "fiscal_year": 2013,
    "doc_type": "10-K",
    "revenues": 183294000,
    "op_income": 27270000,
    "net_income": 24432000,
    "eps_basic": 1.18,
    "eps_diluted": 1.18,
    "dividend": 0,
    "assets": 248214000,
    "cur_assets": 154848000,
    "cur_liab": 108497000,
    "cash": 2866000,
    "equity": 46866000,
    "cash_flow_op": 10734000,
    "cash_flow_inv": -20629000,
    "cash_flow_fin": 8372000
  },
  {
    "symbol": "TGLS",
    "end_date": "2015-03-31",
    "amend": "True",
    "period_focus": "Q1",
    "fiscal_year": 2015,
    "doc_type": "10-Q",
    "revenues": 52043000,
    "op_income": 8002000,
    "net_income": 11862000,
    "eps_basic": 0.48,
    "eps_diluted": 0.42,
    "dividend": 0,
    "assets": 266559000,
    "cur_assets": 149196000,
    "cur_liab": 132386000,
    "cash": 17132000,
    "equity": 52892000,
    "cash_flow_op": 5339000,
    "cash_flow_inv": -4917000,
    "cash_flow_fin": 488000
  },
  {
    "symbol": "TGLS",
    "end_date": "2015-06-30",
    "amend": "True",
    "period_focus": "Q2",
    "fiscal_year": 2015,
    "doc_type": "10-Q",
    "revenues": 58053000,
    "op_income": 9308000,
    "net_income": -21000000,
    "eps_basic": -0.84,
    "eps_diluted": -0.84,
    "dividend": 0,
    "assets": 298681000,
    "cur_assets": 163003000,
    "cur_liab": 144315000,
    "cash": 16018000,
    "equity": 37247000,
    "cash_flow_op": 7247000,
    "cash_flow_inv": -15867000,
    "cash_flow_fin": 8369000
  },
  {
    "symbol": "TGLS",
    "end_date": "2015-12-31",
    "amend": "False",
    "period_focus": "FY",
    "fiscal_year": 2015,
    "doc_type": "10-K",
    "revenues": 238833000,
    "op_income": 39082000,
    "net_income": -12765000,
    "eps_basic": -0.5,
    "eps_diluted": -0.5,
    "dividend": 0,
    "assets": 316199000,
    "cur_assets": 167379000,
    "cur_liab": 136749000,
    "cash": 18496000,
    "equity": 33139000,
    "cash_flow_op": 792000,
    "cash_flow_inv": -9395000,
    "cash_flow_fin": 10449000
  },
  {
    "symbol": "ACAT",
    "end_date": "2016-03-31",
    "amend": "False",
    "period_focus": "FY",
    "fiscal_year": 2016,
    "doc_type": "10-K",
    "revenues": 632895000,
    "op_income": -16214000,
    "net_income": -9187000,
    "eps_basic": -0.71,
    "eps_diluted": -0.71,
    "dividend": 0.38,
    "assets": 317894000,
    "cur_assets": 229047000,
    "cur_liab": 124030000,
    "cash": 17730000,
    "equity": 167391000,
    "cash_flow_op": 19123000,
    "cash_flow_inv": -37966000,
    "cash_flow_fin": -4698000
  },
  {
    "symbol": "ASNA",
    "end_date": "2016-04-23",
    "amend": "False",
    "period_focus": "Q3",
    "fiscal_year": 2016,
    "doc_type": "10-Q",
    "revenues": 1669300000,
    "op_income": 57400000,
    "net_income": 15000000,
    "eps_basic": 0.08,
    "eps_diluted": 0.08,
    "dividend": 0,
    "assets": 5485200000,
    "cur_assets": 1239800000,
    "cur_liab": 930000000,
    "cash": 246000000,
    "equity": 1850900000,
    "cash_flow_op": 163400000,
    "cash_flow_inv": -1737800000,
    "cash_flow_fin": 1579800000
  },
  {
    "symbol": "BRID",
    "end_date": "2016-04-15",
    "amend": "False",
    "period_focus": "Q2",
    "fiscal_year": 2016,
    "doc_type": "10-Q",
    "revenues": 31145000,
    "op_income": "",
    "net_income": 1492000,
    "eps_basic": 0.16,
    "eps_diluted": 0.16,
    "dividend": 0,
    "assets": 79002000,
    "cur_assets": 44965000,
    "cur_liab": 13788000,
    "cash": 10266000,
    "equity": 38969000,
    "cash_flow_op": 5540000,
    "cash_flow_inv": -1003000,
    "cash_flow_fin": -113000
  },
  {
    "symbol": "CTRN",
    "end_date": "2016-04-30",
    "amend": "False",
    "period_focus": "Q1",
    "fiscal_year": 2016,
    "doc_type": "10-Q",
    "revenues": 193672000,
    "op_income": 12867000,
    "net_income": 8737000,
    "eps_basic": 0.6,
    "eps_diluted": 0.6,
    "dividend": 0.06,
    "assets": 313479000,
    "cur_assets": 230113000,
    "cur_liab": 86972000,
    "cash": 53032000,
    "equity": 219846000,
    "cash_flow_op": 20565000,
    "cash_flow_inv": -4442000,
    "cash_flow_fin": -2207000
  },
  {
    "symbol": "EA",
    "end_date": "2016-03-31",
    "amend": "False",
    "period_focus": "FY",
    "fiscal_year": 2016,
    "doc_type": "10-K",
    "revenues": 4396000000,
    "op_income": 898000000,
    "net_income": 1156000000,
    "eps_basic": 3.73,
    "eps_diluted": 3.5,
    "dividend": 0,
    "assets": 7050000000,
    "cur_assets": 4354000000,
    "cur_liab": 2418000000,
    "cash": 2493000000,
    "equity": 3396000000,
    "cash_flow_op": 1223000000,
    "cash_flow_inv": -484000000,
    "cash_flow_fin": -306000000
  }
]
