[
  {
    "symbol": "CTO",
    "end_date": "2016-03-31",
    "amend": "False",
    "period_focus": "Q1",
    "fiscal_year": 2016,
    "doc_type": "10-Q",
    "revenues": 18354435,
    "op_income": 6393316,
    "net_income": 1424718,
    "eps_basic": 0.25,
    "eps_diluted": 0.25,
    "dividend": 0,
    "assets": 408254856,
    "cur_assets": "",
    "cur_liab": "",
    "cash": 7371196,
    "equity": 143074401,
    "cash_flow_op": -1194397,
    "cash_flow_inv": 2407301,
    "cash_flow_fin": 2097615
  },
  {
    "symbol": "EVBN",
    "end_date": "2016-03-31",
    "amend": "False",
    "period_focus": "Q1",
    "fiscal_year": 2016,
    "doc_type": "10-Q",
    "revenues": 12350000,
    "op_income": "",
    "net_income": 1714000,
    "eps_basic": 0.4,
    "eps_diluted": 0.4,
    "dividend": 0.38,
    "assets": 989915000,
    "cur_assets": "",
    "cur_liab": "",
    "cash": 11287000,
    "equity": 92160000,
    "cash_flow_op": 3044000,
    "cash_flow_inv": -40412000,
    "cash_flow_fin": 48139000
  },
  {
    "symbol": "GTE",
    "end_date": "2016-03-31",
    "amend": "False",
    "period_focus": "Q1",
    "fiscal_year": 2016,
    "doc_type": "10-Q",
    "revenues": 57403000,
    "op_income": "",
    "net_income": -45032000,
    "eps_basic": -0.15,
    "eps_diluted": -0.15,
    "dividend": 0,
    "assets": 1148272000,
    "cur_assets": 162111000,
    "cur_liab": 81501000,
    "cash": 51308000,
    "equity": 984590000,
    "cash_flow_op": 10812000,
    "cash_flow_inv": -107198000,
    "cash_flow_fin": 1198000
  },
  {
    "symbol": "LBY",
    "end_date": "2016-03-31",
    "amend": "False",
    "period_focus": "Q1",
    "fiscal_year": 2016,
    "doc_type": "10-Q",
    "revenues": 183425000,
    "op_income": 5839000,
    "net_income": 718000,
    "eps_basic": 0.03,
    "eps_diluted": 0.03,
    "dividend": 0.115,
    "assets": 834135000,
    "cur_assets": 325266000,
    "cur_liab": 150038000,
    "cash": 25570000,
    "equity": 148419000,
    "cash_flow_op": -4974000,
    "cash_flow_inv": -9855000,
    "cash_flow_fin": -8954000
  },
  {
    "symbol": "NHC",
    "end_date": "2016-03-31",
    "amend": "False",
    "period_focus": "Q1",
    "fiscal_year": 2016,
    "doc_type": "10-Q",
    "revenues": 229588000,
    "op_income": 17624000,
    "net_income": 13699000,
    "eps_basic": 0.92,
    "eps_diluted": 0.91,
    "dividend": 0.4,
    "assets": 1068048000,
    "cur_assets": 296266000,
    "cur_liab": 138808000,
    "cash": 49183000,
    "equity": 654578000,
    "cash_flow_op": 17731000,
    "cash_flow_inv": -8439000,
    "cash_flow_fin": 1683000
  },
  {
    "symbol": "SLI",
    "end_date": "2016-03-31",
    "amend": "False",
    "period_focus": "Q1",
    "fiscal_year": 2016,
    "doc_type": "10-Q",
    "revenues": 49495000,
    "op_income": 3233000,
    "net_income": 1596000,
    "eps_basic": 0.4,
    "eps_diluted": 0.4,
    "dividend": 0,
    "assets": 130269000,
    "cur_assets": 74542000,
    "cur_liab": 46305000,
    "cash": 5289000,
    "equity": 78232000,
    "cash_flow_op": -2606000,
    "cash_flow_inv": -1008000,
    "cash_flow_fin": -2000000
  },
  {
    "symbol": "SYRG",
    "end_date": "2016-03-31",
    "amend": "False",
    "period_focus": "Q1",
    "fiscal_year": 2016,
    "doc_type": "10-Q",
    "revenues": 18273000,
    "op_income": -53083000,
    "net_income": -51401000,
    "eps_basic": -0.42,
    "eps_diluted": -0.42,
    "dividend": 0,
    "assets": 616300000,
    "cur_assets": 82966000,
    "cur_liab": 56011000,
    "cash": 50937000,
    "equity": 546613000,
    "cash_flow_op": 8122000,
    "cash_flow_inv": -34374000,
    "cash_flow_fin": 10690000
  },
  {
    "symbol": "AHC",
    "end_date": "2016-03-31",
    "amend": "False",
    "period_focus": "Q1",
    "fiscal_year": 2016,
    "doc_type": "10-Q",
    "revenues": 62483000,
    "op_income": -1781000,
    "net_income": -632000,
    "eps_basic": -0.03,
    "eps_diluted": -0.03,
    "dividend": 0,
    "assets": 215466000,
    "cur_assets": 118080000,
    "cur_liab": 35247000,
    "cash": 74656000,
    "equity": 116731000,
    "cash_flow_op": 347000,
    "cash_flow_inv": -2095000,
    "cash_flow_fin": -1976000
  },
  {
    "symbol": "MMM",
    "end_date": "2016-03-31",
    "amend": "False",
    "period_focus": "Q1",
    "fiscal_year": 2016,
    "doc_type": "10-Q",
    "revenues": 7409000000,
    "op_income": 1788000000,
    "net_income": 1275000000,
    "eps_basic": 2.1,
    "eps_diluted": 2.05,
    "dividend": 1.11,
    "assets": 32982000000,
    "cur_assets": 10874000000,
    "cur_liab": 7178000000,
    "cash": 1337000000,
    "equity": 11774000000,
    "cash_flow_op": 1260000000,
    "cash_flow_inv": -280000000,
    "cash_flow_fin": -1426000000
  },
  {
    "symbol": "ACW",
    "end_date": "2016-03-31",
    "amend": "False",
    "period_focus": "Q1",
    "fiscal_year": 2016,
    "doc_type": "10-Q",
    "revenues": 160942000,
    "op_income": 2418000,
    "net_income": -4744000,
    "eps_basic": -0.1,
    "eps_diluted": -0.1,
    "dividend": 0,
    "assets": 586670000,
    "cur_assets": 139503000,
    "cur_liab": 100798000,
    "cash": 18456000,
    "equity": 65234000,
    "cash_flow_op": -10568000,
    "cash_flow_inv": -8732000,
    "cash_flow_fin": 7997000
  },
  {
    "symbol": "AIN",
    "end_date": "2016-03-31",
    "amend": "False",
    "period_focus": "Q1",
    "fiscal_year": 2016,
    "doc_type": "10-Q",
    "revenues": 172331000,
    "op_income": 22269000,
    "net_income": 13501000,
    "eps_basic": 0.42,
    "eps_diluted": 0.42,
    "dividend": 0.17,
    "assets": 1014913000,
    "cur_assets": 452734000,
    "cur_liab": 120386000,
    "cash": 169615000,
    "equity": 522705000,
    "cash_flow_op": 4044000,
    "cash_flow_inv": -8075000,
    "cash_flow_fin": -15374000
  },
  {
    "symbol": "ALX",
    "end_date": "2016-03-31",
    "amend": "False",
    "period_focus": "Q1",
    "fiscal_year": 2016,
    "doc_type": "10-Q",
    "revenues": 55558000,
    "op_income": 26336000,
    "net_income": 22019000,
    "eps_basic": 4.31,
    "eps_diluted": 4.31,
    "dividend": 4,
    "assets": 1448437000,
    "cur_assets": "",
    "cur_liab": "",
    "cash": 276234000,
    "equity": 353686000,
    "cash_flow_op": 45376000,
    "cash_flow_inv": -7187000,
    "cash_flow_fin": -21304000
  },
  {
    "symbol": "ARE",
    "end_date": "2016-03-31",
    "amend": "False",
    "period_focus": "Q1",
    "fiscal_year": 2016,
    "doc_type": "10-Q",
    "revenues": 216089000,
    "op_income": "",
    "net_income": -3818000,
    "eps_basic": -0.05,
    "eps_diluted": -0.05,
    "dividend": 0.8,
    "assets": 8971532000,
    "cur_assets": "",
    "cur_liab": "",
    "cash": 146197000,
    "equity": 4173073000,
    "cash_flow_op": 101782000,
    "cash_flow_inv": -171122000,
    "cash_flow_fin": 90780000
  },
  {
    "symbol": "ALE",
    "end_date": "2016-03-31",
    "amend": "False",
    "period_focus": "Q1",
    "fiscal_year": 2016,
    "doc_type": "10-Q",
    "revenues": 333800000,
    "op_income": 66800000,
    "net_income": 45900000,
    "eps_basic": 0.93,
    "eps_diluted": 0.93,
    "dividend": 0.52,
    "assets": 4872700000,
    "cur_assets": 379300000,
    "cur_liab": 224200000,
    "cash": 97000000,
    "equity": 1852500000,
    "cash_flow_op": 93200000,
    "cash_flow_inv": -42600000,
    "cash_flow_fin": -50600000
  },
  {
    "symbol": "AIG",
    "end_date": "2016-03-31",
    "amend": "False",
    "period_focus": "Q1",
    "fiscal_year": 2016,
    "doc_type": "10-Q",
    "revenues": 11779000000,
    "op_income": "",
    "net_income": -183000000,
    "eps_basic": -0.16,
    "eps_diluted": -0.16,
    "dividend": 0.32,
    "assets": 502777000000,
    "cur_assets": "",
    "cur_liab": "",
    "cash": 1499000000,
    "equity": 89081000000,
    "cash_flow_op": -968000000,
    "cash_flow_inv": 385000000,
    "cash_flow_fin": 453000000
  },
  {
    "symbol": "AVD",
    "end_date": "2016-03-31",
    "amend": "False",
    "period_focus": "Q1",
    "fiscal_year": 2016,
    "doc_type": "10-Q",
    "revenues": 69474000,
    "op_income": 4630000,
    "net_income": 2794000,
    "eps_basic": 0.1,
    "eps_diluted": 0.1,
    "dividend": 0,
    "assets": 463522000,
    "cur_assets": 258377000,
    "cur_liab": 95647000,
    "cash": 7916000,
    "equity": 271534000,
    "cash_flow_op": 9590000,
    "cash_flow_inv": -3998000,
    "cash_flow_fin": -3253000
  },
  {
    "symbol": "APC",
    "end_date": "2016-03-31",
    "amend": "False",
    "period_focus": "Q1",
    "fiscal_year": 2016,
    "doc_type": "10-Q",
    "revenues": 1674000000,
    "op_income": -864000000,
    "net_income": -1035000000,
    "eps_basic": -2.03,
    "eps_diluted": -2.03,
    "dividend": 0.05,
    "assets": 47922000000,
    "cur_assets": 5767000000,
    "cur_liab": 6657000000,
    "cash": 2947000000,
    "equity": 14701000000,
    "cash_flow_op": -137000000,
    "cash_flow_inv": -973000000,
    "cash_flow_fin": 3119000000
  },
  {
    "symbol": "AIT",
    "end_date": "2016-03-31",
    "amend": "False",
    "period_focus": "Q3",
    "fiscal_year": 2016,
    "doc_type": "10-Q",
    "revenues": 633172000,
    "op_income": -33032000,
    "net_income": -44728000,
    "eps_basic": -1.14,
    "eps_diluted": -1.14,
    "dividend": 0.28,
    "assets": 1334339000,
    "cur_assets": 803841000,
    "cur_liab": 252475000,
    "cash": 62932000,
    "equity": 656842000,
    "cash_flow_op": 90359000,
    "cash_flow_inv": -65211000,
    "cash_flow_fin": -29099000
  },
  {
    "symbol": "ARC",
    "end_date": "2016-03-31",
    "amend": "False",
    "period_focus": "Q1",
    "fiscal_year": 2016,
    "doc_type": "10-Q",
    "revenues": 103550000,
    "op_income": 6066000,
    "net_income": 2574000,
    "eps_basic": 0.06,
    "eps_diluted": 0.05,
    "dividend": 0,
    "assets": 465961000,
    "cur_assets": 104742000,
    "cur_liab": 64250000,
    "cash": 16793000,
    "equity": 209999000,
    "cash_flow_op": 5303000,
    "cash_flow_inv": -2279000,
    "cash_flow_fin": -10299000
  },
  {
    "symbol": "ATR",
    "end_date": "2016-03-31",
    "amend": "False",
    "period_focus": "Q1",
    "fiscal_year": 2016,
    "doc_type": "10-Q",
    "revenues": 582338000,
    "op_income": 69233000,
    "net_income": 43863000,
    "eps_basic": 0.7,
    "eps_diluted": 0.67,
    "dividend": 0.3,
    "assets": 2679033000,
    "cur_assets": 1271095000,
    "cur_liab": 522766000,
    "cash": 385972000,
    "equity": 1267654000,
    "cash_flow_op": 11877000,
    "cash_flow_inv": -198679000,
    "cash_flow_fin": 71547000
  },
  {
    "symbol": "ADM",
    "end_date": "2016-03-31",
    "amend": "False",
    "period_focus": "Q1",
    "fiscal_year": 2016,
    "doc_type": "10-Q",
    "revenues": 14384000000,
    "op_income": "",
    "net_income": 230000000,
    "eps_basic": 0.39,
    "eps_diluted": 0.39,
    "dividend": 0.3,
    "assets": 39681000000,
    "cur_assets": 20970000000,
    "cur_liab": 12867000000,
    "cash": 706000000,
    "equity": 17913000000,
    "cash_flow_op": 23000000,
    "cash_flow_inv": -448000000,
    "cash_flow_fin": 221000000
  },
  {
    "symbol": "AHH",
    "end_date": "2016-03-31",
    "amend": "False",
    "period_focus": "Q1",
    "fiscal_year": 2016,
    "doc_type": "10-Q",
    "revenues": 60086000,
    "op_income": 5999000,
    "net_income": 17370000,
    "eps_basic": 0.57,
    "eps_diluted": 0.57,
    "dividend": 0.18,
    "assets": 809983000,
    "cur_assets": "",
    "cur_liab": "",
    "cash": 18810000,
    "equity": 255252000,
    "cash_flow_op": 11308000,
    "cash_flow_inv": -111103000,
    "cash_flow_fin": 91616000
  },
  {
    "symbol": "AJG",
    "end_date": "2016-03-31",
    "amend": "False",
    "period_focus": "Q1",
    "fiscal_year": 2016,
    "doc_type": "10-Q",
    "revenues": 1300400000,
    "op_income": "",
    "net_income": 46500000,
    "eps_basic": 0.26,
    "eps_diluted": 0.26,
    "dividend": 0.38,
    "assets": 10712600000,
    "cur_assets": 3939500000,
    "cur_liab": 4022400000,
    "cash": 425400000,
    "equity": 3652300000,
    "cash_flow_op": 109400000,
    "cash_flow_inv": -128400000,
    "cash_flow_fin": -34100000
  },
  {
    "symbol": "APAM",
    "end_date": "2016-03-31",
    "amend": "False",
    "period_focus": "Q1",
    "fiscal_year": 2016,
    "doc_type": "10-Q",
    "revenues": 174529000,
    "op_income": 54725000,
    "net_income": 13099000,
    "eps_basic": 0.35,
    "eps_diluted": 0.35,
    "dividend": 0.6,
    "assets": 1002632000,
    "cur_assets": "",
    "cur_liab": "",
    "cash": 217916000,
    "equity": 120611000,
    "cash_flow_op": 111687000,
    "cash_flow_inv": -711000,
    "cash_flow_fin": -59253000
  },
  {
    "symbol": "ARW",
    "end_date": "2016-04-02",
    "amend": "False",
    "period_focus": "Q1",
    "fiscal_year": 2016,
    "doc_type": "10-Q",
    "revenues": 5474177000,
    "op_income": 181364000,
    "net_income": 106235000,
    "eps_basic": 1.16,
    "eps_diluted": 1.14,
    "dividend": 0,
    "assets": 12352787000,
    "cur_assets": 8427570000,
    "cur_liab": 4920803000,
    "cash": 394655000,
    "equity": 4374113000,
    "cash_flow_op": -36592000,
    "cash_flow_inv": -95751000,
    "cash_flow_fin": 253623000
  },
  {
    "symbol": "ARR",
    "end_date": "2016-03-31",
    "amend": "False",
    "period_focus": "Q1",
    "fiscal_year": 2016,
    "doc_type": "10-Q",
    "revenues": "",
    "op_income": "",
    "net_income": -283380000,
    "eps_basic": -7.73,
    "eps_diluted": -7.73,
    "dividend": 0.99,
    "assets": 11344034000,
    "cur_assets": "",
    "cur_liab": "",
    "cash": 243294000,
    "equity": 1095635000,
    "cash_flow_op": -208706000,
    "cash_flow_inv": 1848995000,
    "cash_flow_fin": -1686920000
  },
  {
    "symbol": "AIZ",
    "end_date": "2016-03-31",
    "amend": "False",
    "period_focus": "Q1",
    "fiscal_year": 2016,
    "doc_type": "10-Q",
    "revenues": 2147527000,
    "op_income": "",
    "net_income": 220318000,
    "eps_basic": 3.38,
    "eps_diluted": 3.34,
    "dividend": 0.5,
    "assets": 30287195000,
    "cur_assets": "",
    "cur_liab": "",
    "cash": 2060815000,
    "equity": 4564645000,
    "cash_flow_op": -339030000,
    "cash_flow_inv": 1132988000,
    "cash_flow_fin": -26792000
  },
  {
    "symbol": "AVB",
    "end_date": "2016-03-31",
    "amend": "False",
    "period_focus": "Q1",
    "fiscal_year": 2016,
    "doc_type": "10-Q",
    "revenues": 508498000,
    "op_income": 358766000,
    "net_income": 237931000,
    "eps_basic": 1.73,
    "eps_diluted": 1.73,
    "dividend": 1.35,
    "assets": 17043390000,
    "cur_assets": "",
    "cur_liab": "",
    "cash": 97541000,
    "equity": 9846532000,
    "cash_flow_op": 277782000,
    "cash_flow_inv": -384727000,
    "cash_flow_fin": -196021000
  },
  {
    "symbol": "AVY",
    "end_date": "2016-04-02",
    "amend": "False",
    "period_focus": "Q1",
    "fiscal_year": 2016,
    "doc_type": "10-Q",
    "revenues": 1485500000,
    "op_income": "",
    "net_income": 89600000,
    "eps_basic": 1,
    "eps_diluted": 0.98,
    "dividend": 0.37,
    "assets": 4249400000,
    "cur_assets": 1887400000,
    "cur_liab": 1594200000,
    "cash": 169600000,
    "equity": 968300000,
    "cash_flow_op": -6300000,
    "cash_flow_inv": -30900000,
    "cash_flow_fin": 47100000
  },
  {
    "symbol": "AVA",
    "end_date": "2016-03-31",
    "amend": "False",
    "period_focus": "Q1",
    "fiscal_year": 2016,
    "doc_type": "10-Q",
    "revenues": 418173000,
    "op_income": 106085000,
    "net_income": 56052000,
    "eps_basic": 0.9,
    "eps_diluted": 0.89,
    "dividend": 0.3425,
    "assets": 4956013000,
    "cur_assets": 279224000,
    "cur_liab": 431841000,
    "cash": 12767000,
    "equity": 1589591000,
    "cash_flow_op": 105547000,
    "cash_flow_inv": -91654000,
    "cash_flow_fin": -11610000
  },
  {
    "symbol": "BHI",
    "end_date": "2016-03-31",
    "amend": "False",
    "period_focus": "Q1",
    "fiscal_year": 2016,
    "doc_type": "10-Q",
    "revenues": 2670000000,
    "op_income": -559000000,
    "net_income": -981000000,
    "eps_basic": -2.22,
    "eps_diluted": -2.22,
    "dividend": 0.17,
    "assets": 22936000000,
    "cur_assets": 8771000000,
    "cur_liab": 2462000000,
    "cash": 2192000000,
    "equity": 15402000000,
    "cash_flow_op": -99000000,
    "cash_flow_inv": 61000000,
    "cash_flow_fin": -95000000
  },
  {
    "symbol": "BAC",
    "end_date": "2016-03-31",
    "amend": "False",
    "period_focus": "Q1",
    "fiscal_year": 2016,
    "doc_type": "10-Q",
    "revenues": 19512000000,
    "op_income": "",
    "net_income": 2223000000,
    "eps_basic": 0.21,
    "eps_diluted": 0.21,
    "dividend": 0.05,
    "assets": 2185498000000,
    "cur_assets": "",
    "cur_liab": "",
    "cash": 27781000000,
    "equity": 262776000000,
    "cash_flow_op": 10843000000,
    "cash_flow_inv": -21374000000,
    "cash_flow_fin": 29382000000
  },
  {
    "symbol": "CUDA",
    "end_date": "2016-02-29",
    "amend": "False",
    "period_focus": "FY",
    "fiscal_year": 2016,
    "doc_type": "10-K",
    "revenues": 320158000,
    "op_income": -6887000,
    "net_income": -4422000,
    "eps_basic": -0.08,
    "eps_diluted": -0.08,
    "dividend": 0,
    "assets": 419804000,
    "cur_assets": 241609000,
    "cur_liab": 283484000,
    "cash": 118654000,
    "equity": -32098000,
    "cash_flow_op": 49266000,
    "cash_flow_inv": -61744000,
    "cash_flow_fin": -20396000
  },
  {
    "symbol": "BWP",
    "end_date": "2016-03-31",
    "amend": "False",
    "period_focus": "Q1",
    "fiscal_year": 2016,
    "doc_type": "10-Q",
    "revenues": 345000000,
    "op_income": 141600000,
    "net_income": 101000000,
    "eps_basic": 0.4,
    "eps_diluted": "",
    "dividend": 0,
    "assets": 8320300000,
    "cur_assets": 164900000,
    "cur_liab": 243800000,
    "cash": 9300000,
    "equity": "",
    "cash_flow_op": 122300000,
    "cash_flow_inv": -105500000,
    "cash_flow_fin": -10600000
  },
  {
    "symbol": "BCC",
    "end_date": "2016-03-31",
    "amend": "False",
    "period_focus": "Q1",
    "fiscal_year": 2016,
    "doc_type": "10-Q",
    "revenues": 880695000,
    "op_income": 13405000,
    "net_income": 4950000,
    "eps_basic": 0.13,
    "eps_diluted": 0.13,
    "dividend": 0,
    "assets": 1471373000,
    "cur_assets": 818895000,
    "cur_liab": 345757000,
    "cash": 81187000,
    "equity": 538323000,
    "cash_flow_op": 1181000,
    "cash_flow_inv": -230920000,
    "cash_flow_fin": 126430000
  },
  {
    "symbol": "BPI",
    "end_date": "2016-03-31",
    "amend": "False",
    "period_focus": "Q1",
    "fiscal_year": 2016,
    "doc_type": "10-Q",
    "revenues": 133002000,
    "op_income": -16299000,
    "net_income": -10112000,
    "eps_basic": -0.22,
    "eps_diluted": -0.22,
    "dividend": 0,
    "assets": 480877000,
    "cur_assets": 378734000,
    "cur_liab": 153189000,
    "cash": 243120000,
    "equity": 294872000,
    "cash_flow_op": -17170000,
    "cash_flow_inv": -20726000,
    "cash_flow_fin": -1129000
  },
  {
    "symbol": "EAT",
    "end_date": "2016-03-23",
    "amend": "False",
    "period_focus": "Q3",
    "fiscal_year": 2016,
    "doc_type": "10-Q",
    "revenues": 824639000,
    "op_income": 86276000,
    "net_income": 57502000,
    "eps_basic": 1.01,
    "eps_diluted": 1,
    "dividend": 0.32,
    "assets": 1489188000,
    "cur_assets": 196724000,
    "cur_liab": 422291000,
    "cash": 68985000,
    "equity": -243662000,
    "cash_flow_op": 299581000,
    "cash_flow_inv": -177411000,
    "cash_flow_fin": -108306000
  },
  {
    "symbol": "BGG",
    "end_date": "2016-03-27",
    "amend": "False",
    "period_focus": "Q3",
    "fiscal_year": 2016,
    "doc_type": "10-Q",
    "revenues": 603750000,
    "op_income": 45117000,
    "net_income": 26823000,
    "eps_basic": 0.62,
    "eps_diluted": 0.61,
    "dividend": 0.135,
    "assets": 1490358000,
    "cur_assets": 820275000,
    "cur_liab": 400780000,
    "cash": 43716000,
    "equity": 555639000,
    "cash_flow_op": -5356000,
    "cash_flow_inv": -63019000,
    "cash_flow_fin": -4454000
  },
  {
    "symbol": "BCO",
    "end_date": "2016-03-31",
    "amend": "False",
    "period_focus": "Q1",
    "fiscal_year": 2016,
    "doc_type": "10-Q",
    "revenues": 721800000,
    "op_income": 13800000,
    "net_income": -3100000,
    "eps_basic": -0.06,
    "eps_diluted": -0.06,
    "dividend": 0.1,
    "assets": 1989800000,
    "cur_assets": 815200000,
    "cur_liab": 620600000,
    "cash": 186800000,
    "equity": 350000000,
    "cash_flow_op": -37800000,
    "cash_flow_inv": -24100000,
    "cash_flow_fin": 48500000
  },
  {
    "symbol": "BWXT",
    "end_date": "2016-03-31",
    "amend": "False",
    "period_focus": "Q1",
    "fiscal_year": 2016,
    "doc_type": "10-Q",
    "revenues": 364826000,
    "op_income": 42609000,
    "net_income": 48791000,
    "eps_basic": 0.47,
    "eps_diluted": 0.46,
    "dividend": 0.09,
    "assets": 1365712000,
    "cur_assets": 634239000,
    "cur_liab": 372792000,
    "cash": 67691000,
    "equity": 267894000,
    "cash_flow_op": -18265000,
    "cash_flow_inv": -14008000,
    "cash_flow_fin": -55612000
  },
  {
    "symbol": "CACI",
    "end_date": "2016-03-31",
    "amend": "False",
    "period_focus": "Q3",
    "fiscal_year": 2016,
    "doc_type": "10-Q",
    "revenues": 977274000,
    "op_income": 63676000,
    "net_income": 34028000,
    "eps_basic": 1.4,
    "eps_diluted": 1.38,
    "dividend": 0,
    "assets": 3979418000,
    "cur_assets": 873075000,
    "cur_liab": 543389000,
    "cash": 34813000,
    "equity": 1572046000,
    "cash_flow_op": 188344000,
    "cash_flow_inv": -600902000,
    "cash_flow_fin": 413636000
  },
  {
    "symbol": "ELY",
    "end_date": "2016-03-31",
    "amend": "False",
    "period_focus": "Q1",
    "fiscal_year": 2016,
    "doc_type": "10-Q",
    "revenues": 274053000,
    "op_income": 45328000,
    "net_income": 38390000,
    "eps_basic": 0.41,
    "eps_diluted": 0.4,
    "dividend": 0.01,
    "assets": 711872000,
    "cur_assets": 470698000,
    "cur_liab": 220353000,
    "cash": 35136000,
    "equity": 452659000,
    "cash_flow_op": -71459000,
    "cash_flow_inv": -3113000,
    "cash_flow_fin": 60565000
  },
  {
    "symbol": "COG",
    "end_date": "2016-03-31",
    "amend": "False",
    "period_focus": "Q1",
    "fiscal_year": 2016,
    "doc_type": "10-Q",
    "revenues": 281941000,
    "op_income": -55589000,
    "net_income": -51194000,
    "eps_basic": -0.12,
    "eps_diluted": -0.12,
    "dividend": 0.02,
    "assets": 5702708000,
    "cur_assets": 720687000,
    "cur_liab": 199382000,
    "cash": 579316000,
    "equity": 2944060000,
    "cash_flow_op": 62090000,
    "cash_flow_inv": -54061000,
    "cash_flow_fin": 570773000
  },
  {
    "symbol": "CALX",
    "end_date": "2016-03-26",
    "amend": "False",
    "period_focus": "Q1",
    "fiscal_year": 2016,
    "doc_type": "10-Q",
    "revenues": 98375000,
    "op_income": -10738000,
    "net_income": -10729000,
    "eps_basic": -0.22,
    "eps_diluted": -0.22,
    "dividend": 0,
    "assets": 300417000,
    "cur_assets": 163271000,
    "cur_liab": 64747000,
    "cash": 21365000,
    "equity": 214778000,
    "cash_flow_op": 5269000,
    "cash_flow_inv": 5567000,
    "cash_flow_fin": -13046000
  },
  {
    "symbol": "CAH",
    "end_date": "2016-03-31",
    "amend": "False",
    "period_focus": "Q3",
    "fiscal_year": 2016,
    "doc_type": "10-Q",
    "revenues": 30662000000,
    "op_income": 656000000,
    "net_income": 386000000,
    "eps_basic": 1.18,
    "eps_diluted": 1.17,
    "dividend": 0.387,
    "assets": 34055000000,
    "cur_assets": 22291000000,
    "cur_liab": 19385000000,
    "cash": 2598000000,
    "equity": 6730000000,
    "cash_flow_op": 2330000000,
    "cash_flow_inv": -3681000000,
    "cash_flow_fin": -660000000
  },
  {
    "symbol": "CRS",
    "end_date": "2016-03-31",
    "amend": "False",
    "period_focus": "Q3",
    "fiscal_year": 2016,
    "doc_type": "10-Q",
    "revenues": 456300000,
    "op_income": -24300000,
    "net_income": -23900000,
    "eps_basic": -0.51,
    "eps_diluted": -0.51,
    "dividend": 0.18,
    "assets": 2786500000,
    "cur_assets": 1016100000,
    "cur_liab": 315100000,
    "cash": 23400000,
    "equity": 1187000000,
    "cash_flow_op": 137200000,
    "cash_flow_inv": -55500000,
    "cash_flow_fin": -128600000
  },
  {
    "symbol": "CBZ",
    "end_date": "2016-03-31",
    "amend": "False",
    "period_focus": "Q1",
    "fiscal_year": 2016,
    "doc_type": "10-Q",
    "revenues": 224238000,
    "op_income": 35876000,
    "net_income": 21768000,
    "eps_basic": 0.42,
    "eps_diluted": 0.41,
    "dividend": 0,
    "assets": 1016910000,
    "cur_assets": 392770000,
    "cur_liab": 250877000,
    "cash": 1561000,
    "equity": 445864000,
    "cash_flow_op": -17162000,
    "cash_flow_inv": 17916000,
    "cash_flow_fin": -43000
  },
  {
    "symbol": "CSH",
    "end_date": "2016-03-31",
    "amend": "False",
    "period_focus": "Q1",
    "fiscal_year": 2016,
    "doc_type": "10-Q",
    "revenues": 277205000,
    "op_income": 19748000,
    "net_income": 10633000,
    "eps_basic": 0.43,
    "eps_diluted": 0.42,
    "dividend": 0.08,
    "assets": 1310815000,
    "cur_assets": 613829000,
    "cur_liab": 85633000,
    "cash": 48321000,
    "equity": 978725000,
    "cash_flow_op": 45402000,
    "cash_flow_inv": 40091000,
    "cash_flow_fin": -60325000
  },
  {
    "symbol": "CAT",
    "end_date": "2016-03-31",
    "amend": "False",
    "period_focus": "Q1",
    "fiscal_year": 2016,
    "doc_type": "10-Q",
    "revenues": 8780000000,
    "op_income": 494000000,
    "net_income": 271000000,
    "eps_basic": 0.46,
    "eps_diluted": 0.46,
    "dividend": 0,
    "assets": 78307000000,
    "cur_assets": 33748000000,
    "cur_liab": 26215000000,
    "cash": 5886000000,
    "equity": 15753000000,
    "cash_flow_op": 489000000,
    "cash_flow_inv": -572000000,
    "cash_flow_fin": -502000000
  },
  {
    "symbol": "CHGG",
    "end_date": "2016-03-31",
    "amend": "False",
    "period_focus": "Q1",
    "fiscal_year": 2016,
    "doc_type": "10-Q",
    "revenues": 66654000,
    "op_income": -15290000,
    "net_income": -15685000,
    "eps_basic": -0.18,
    "eps_diluted": -0.18,
    "dividend": 0,
    "assets": 274716000,
    "cur_assets": 124130000,
    "cur_liab": 50350000,
    "cash": 41504000,
    "equity": 220397000,
    "cash_flow_op": -19233000,
    "cash_flow_inv": 39000,
    "cash_flow_fin": -6331000
  },
  {
    "symbol": "CHE",
    "end_date": "2016-03-31",
    "amend": "False",
    "period_focus": "Q1",
    "fiscal_year": 2016,
    "doc_type": "10-Q",
    "revenues": 390389000,
    "op_income": 44393000,
    "net_income": 24840000,
    "eps_basic": 1.49,
    "eps_diluted": 1.45,
    "dividend": 0.24,
    "assets": 882919000,
    "cur_assets": 179941000,
    "cur_liab": 191557000,
    "cash": 15235000,
    "equity": 484821000,
    "cash_flow_op": 7223000,
    "cash_flow_inv": -11320000,
    "cash_flow_fin": 4605000
  },
  {
    "symbol": "CIA",
    "end_date": "2016-03-31",
    "amend": "False",
    "period_focus": "Q1",
    "fiscal_year": 2016,
    "doc_type": "10-Q",
    "revenues": 54525000,
    "op_income": "",
    "net_income": -1949000,
    "eps_basic": -0.06,
    "eps_diluted": -0.06,
    "dividend": 0,
    "assets": 1500725000,
    "cur_assets": "",
    "cur_liab": "",
    "cash": 45355000,
    "equity": 249102000,
    "cash_flow_op": 21004000,
    "cash_flow_inv": -59087000,
    "cash_flow_fin": 611000
  },
  {
    "symbol": "C",
    "end_date": "2016-03-31",
    "amend": "False",
    "period_focus": "Q1",
    "fiscal_year": 2016,
    "doc_type": "10-Q",
    "revenues": 17555000000,
    "op_income": "",
    "net_income": 3251000000,
    "eps_basic": 1.1,
    "eps_diluted": 1.1,
    "dividend": 0.05,
    "assets": 1801000000000,
    "cur_assets": "",
    "cur_liab": "",
    "cash": 22240000000,
    "equity": 228761000000,
    "cash_flow_op": 144000000,
    "cash_flow_inv": -37190000000,
    "cash_flow_fin": 38196000000
  },
  {
    "symbol": "CLX",
    "end_date": "2016-03-31",
    "amend": "False",
    "period_focus": "Q3",
    "fiscal_year": 2016,
    "doc_type": "10-Q",
    "revenues": 1426000000,
    "op_income": "",
    "net_income": 162000000,
    "eps_basic": 1.25,
    "eps_diluted": 1.23,
    "dividend": 0.77,
    "assets": 4284000000,
    "cur_assets": 1590000000,
    "cur_liab": 1387000000,
    "cash": 414000000,
    "equity": 259000000,
    "cash_flow_op": 447000000,
    "cash_flow_inv": -101000000,
    "cash_flow_fin": -301000000
  },
  {
    "symbol": "CCO",
    "end_date": "2016-03-31",
    "amend": "False",
    "period_focus": "Q1",
    "fiscal_year": 2016,
    "doc_type": "10-Q",
    "revenues": 590721000,
    "op_income": 291366000,
    "net_income": 140100000,
    "eps_basic": 0.39,
    "eps_diluted": 0.39,
    "dividend": 1.49,
    "assets": 5739384000,
    "cur_assets": 1358903000,
    "cur_liab": 666187000,
    "cash": 489641000,
    "equity": -940420000,
    "cash_flow_op": 16170000,
    "cash_flow_inv": 523544000,
    "cash_flow_fin": -466468000
  },
  {
    "symbol": "CNA",
    "end_date": "2016-03-31",
    "amend": "False",
    "period_focus": "Q1",
    "fiscal_year": 2016,
    "doc_type": "10-Q",
    "revenues": 2195000000,
    "op_income": "",
    "net_income": 66000000,
    "eps_basic": 0.25,
    "eps_diluted": 0.24,
    "dividend": 2.25,
    "assets": 55502000000,
    "cur_assets": "",
    "cur_liab": "",
    "cash": 242000000,
    "equity": 11470000000,
    "cash_flow_op": 334000000,
    "cash_flow_inv": -9000000,
    "cash_flow_fin": -469000000
  },
  {
    "symbol": "CIE",
    "end_date": "2016-03-31",
    "amend": "False",
    "period_focus": "Q1",
    "fiscal_year": 2016,
    "doc_type": "10-Q",
    "revenues": 1636000,
    "op_income": -16498000,
    "net_income": -46615000,
    "eps_basic": -0.08,
    "eps_diluted": -0.08,
    "dividend": 0,
    "assets": 4066983000,
    "cur_assets": 3009809000,
    "cur_liab": 647843000,
    "cash": 52951000,
    "equity": 1407285000,
    "cash_flow_op": 22002000,
    "cash_flow_inv": -40644000,
    "cash_flow_fin": ""
  },
  {
    "symbol": "CFX",
    "end_date": "2016-04-01",
    "amend": "False",
    "period_focus": "Q1",
    "fiscal_year": 2016,
    "doc_type": "10-Q",
    "revenues": 876843000,
    "op_income": 48466000,
    "net_income": 22615000,
    "eps_basic": 0.18,
    "eps_diluted": 0.18,
    "dividend": 0,
    "assets": 6723748000,
    "cur_assets": 1784746000,
    "cur_liab": 1097661000,
    "cash": 196042000,
    "equity": 3239200000,
    "cash_flow_op": 15516000,
    "cash_flow_inv": -15389000,
    "cash_flow_fin": -5287000
  },
  {
    "symbol": "CPGX",
    "end_date": "2016-03-31",
    "amend": "False",
    "period_focus": "Q1",
    "fiscal_year": 2016,
    "doc_type": "10-Q",
    "revenues": 364500000,
    "op_income": 151700000,
    "net_income": 72200000,
    "eps_basic": 0.18,
    "eps_diluted": 0.18,
    "dividend": 0.26,
    "assets": 10091100000,
    "cur_assets": 948300000,
    "cur_liab": 514000000,
    "cash": 640900000,
    "equity": 4983900000,
    "cash_flow_op": 170300000,
    "cash_flow_inv": -392600000,
    "cash_flow_fin": -67700000
  },
  {
    "symbol": "CPPL",
    "end_date": "2016-03-31",
    "amend": "False",
    "period_focus": "Q1",
    "fiscal_year": 2016,
    "doc_type": "10-Q",
    "revenues": 363500000,
    "op_income": 181900000,
    "net_income": 180200000,
    "eps_basic": 0.25,
    "eps_diluted": 0.25,
    "dividend": 0,
    "assets": 9424000000,
    "cur_assets": 441100000,
    "cur_liab": 743500000,
    "cash": 34200000,
    "equity": "",
    "cash_flow_op": 131900000,
    "cash_flow_inv": -356200000,
    "cash_flow_fin": 179600000
  },
  {
    "symbol": "CYH",
    "end_date": "2016-03-31",
    "amend": "False",
    "period_focus": "Q1",
    "fiscal_year": 2016,
    "doc_type": "10-Q",
    "revenues": 5754000000,
    "op_income": 294000000,
    "net_income": 11000000,
    "eps_basic": 0.1,
    "eps_diluted": 0.1,
    "dividend": 0,
    "assets": 26724000000,
    "cur_assets": 5256000000,
    "cur_liab": 3054000000,
    "cash": 181000000,
    "equity": 4118000000,
    "cash_flow_op": 294000000,
    "cash_flow_inv": -371000000,
    "cash_flow_fin": 74000000
  },
  {
    "symbol": "COP",
    "end_date": "2016-03-31",
    "amend": "False",
    "period_focus": "Q1",
    "fiscal_year": 2016,
    "doc_type": "10-Q",
    "revenues": 5121000000,
    "op_income": "",
    "net_income": -1469000000,
    "eps_basic": -1.18,
    "eps_diluted": -1.18,
    "dividend": 0.25,
    "assets": 99834000000,
    "cur_assets": 10934000000,
    "cur_liab": 8825000000,
    "cash": 4866000000,
    "equity": 39407000000,
    "cash_flow_op": 421000000,
    "cash_flow_inv": -2065000000,
    "cash_flow_fin": 4137000000
  },
  {
    "symbol": "COTY",
    "end_date": "2016-03-31",
    "amend": "False",
    "period_focus": "Q3",
    "fiscal_year": 2016,
    "doc_type": "10-Q",
    "revenues": 950700000,
    "op_income": 23000000,
    "net_income": -26800000,
    "eps_basic": -0.08,
    "eps_diluted": -0.08,
    "dividend": 0,
    "assets": 7024900000,
    "cur_assets": 1899100000,
    "cur_liab": 1730200000,
    "cash": 366600000,
    "equity": 455000000,
    "cash_flow_op": 445300000,
    "cash_flow_inv": -1042000000,
    "cash_flow_fin": 621700000
  },
  {
    "symbol": "OFC",
    "end_date": "2016-03-31",
    "amend": "False",
    "period_focus": "Q1",
    "fiscal_year": 2016,
    "doc_type": "10-Q",
    "revenues": 144307000,
    "op_income": 30464000,
    "net_income": 3274000,
    "eps_basic": 0.03,
    "eps_diluted": 0.03,
    "dividend": 0.275,
    "assets": 3937908000,
    "cur_assets": "",
    "cur_liab": "",
    "cash": 62489000,
    "equity": 1583881000,
    "cash_flow_op": 47439000,
    "cash_flow_inv": -56059000,
    "cash_flow_fin": 10799000
  },
  {
    "symbol": "CPF",
    "end_date": "2016-03-31",
    "amend": "False",
    "period_focus": "Q1",
    "fiscal_year": 2016,
    "doc_type": "10-Q",
    "revenues": 51414000,
    "op_income": "",
    "net_income": 11181000,
    "eps_basic": 0.36,
    "eps_diluted": 0.35,
    "dividend": 0.14,
    "assets": 5242202000,
    "cur_assets": "",
    "cur_liab": "",
    "cash": 85495000,
    "equity": 509377000,
    "cash_flow_op": 24150000,
    "cash_flow_inv": -102704000,
    "cash_flow_fin": 91035000
  },
  {
    "symbol": "CTS",
    "end_date": "2016-03-31",
    "amend": "False",
    "period_focus": "Q1",
    "fiscal_year": 2016,
    "doc_type": "10-Q",
    "revenues": 96705000,
    "op_income": 12433000,
    "net_income": 7863000,
    "eps_basic": 0.24,
    "eps_diluted": 0.24,
    "dividend": 0.04,
    "assets": 540339000,
    "cur_assets": 235654000,
    "cur_liab": 100533000,
    "cash": 130964000,
    "equity": 288248000,
    "cash_flow_op": 353000,
    "cash_flow_inv": -75704000,
    "cash_flow_fin": 49993000
  },
  {
    "symbol": "CUB",
    "end_date": "2016-03-31",
    "amend": "False",
    "period_focus": "Q2",
    "fiscal_year": 2016,
    "doc_type": "10-Q",
    "revenues": 366024000,
    "op_income": -9086000,
    "net_income": 10144000,
    "eps_basic": 0.38,
    "eps_diluted": 0.38,
    "dividend": 0.14,
    "assets": 1501087000,
    "cur_assets": 730498000,
    "cur_liab": 491819000,
    "cash": 158808000,
    "equity": 741396000,
    "cash_flow_op": 11892000,
    "cash_flow_inv": -216231000,
    "cash_flow_fin": 200134000
  },
  {
    "symbol": "CMI",
    "end_date": "2016-04-03",
    "amend": "False",
    "period_focus": "Q1",
    "fiscal_year": 2016,
    "doc_type": "10-Q",
    "revenues": 4291000000,
    "op_income": 470000000,
    "net_income": 321000000,
    "eps_basic": 1.87,
    "eps_diluted": 1.87,
    "dividend": 0.975,
    "assets": 14827000000,
    "cur_assets": 7468000000,
    "cur_liab": 3917000000,
    "cash": 915000000,
    "equity": 7260000000,
    "cash_flow_op": 263000000,
    "cash_flow_inv": -388000000,
    "cash_flow_fin": -632000000
  },
  {
    "symbol": "CVI",
    "end_date": "2016-03-31",
    "amend": "False",
    "period_focus": "Q1",
    "fiscal_year": 2016,
    "doc_type": "10-Q",
    "revenues": 905500000,
    "op_income": -39900000,
    "net_income": -16200000,
    "eps_basic": -0.19,
    "eps_diluted": -0.19,
    "dividend": 0.5,
    "assets": 3183500000,
    "cur_assets": 1153700000,
    "cur_liab": 474200000,
    "cash": 681800000,
    "equity": 1517000000,
    "cash_flow_op": 21600000,
    "cash_flow_inv": -51700000,
    "cash_flow_fin": -53200000
  },
  {
    "symbol": "CVS",
    "end_date": "2016-03-31",
    "amend": "False",
    "period_focus": "Q1",
    "fiscal_year": 2016,
    "doc_type": "10-Q",
    "revenues": 43215000000,
    "op_income": 2176000000,
    "net_income": 1146000000,
    "eps_basic": 1.04,
    "eps_diluted": 1.04,
    "dividend": 0.425,
    "assets": 92634000000,
    "cur_assets": 29413000000,
    "cur_liab": 24537000000,
    "cash": 1779000000,
    "equity": 36031000000,
    "cash_flow_op": 2412000000,
    "cash_flow_inv": -633000000,
    "cash_flow_fin": -2460000000
  },
  {
    "symbol": "CVRR",
    "end_date": "2016-03-31",
    "amend": "False",
    "period_focus": "Q1",
    "fiscal_year": 2016,
    "doc_type": "10-Q",
    "revenues": 834000000,
    "op_income": -56000000,
    "net_income": -68000000,
    "eps_basic": -0.46,
    "eps_diluted": -0.46,
    "dividend": 0,
    "assets": 2116900000,
    "cur_assets": 547600000,
    "cur_liab": 327700000,
    "cash": 145900000,
    "equity": "",
    "cash_flow_op": 3000000,
    "cash_flow_inv": -44000000,
    "cash_flow_fin": -400000
  },
  {
    "symbol": "DO",
    "end_date": "2016-03-31",
    "amend": "False",
    "period_focus": "Q1",
    "fiscal_year": 2016,
    "doc_type": "10-Q",
    "revenues": 470543000,
    "op_income": 111569000,
    "net_income": 87425000,
    "eps_basic": 0.64,
    "eps_diluted": 0.64,
    "dividend": 0,
    "assets": 6944599000,
    "cur_assets": 615034000,
    "cur_liab": 380987000,
    "cash": 128928000,
    "equity": 4194780000,
    "cash_flow_op": 241330000,
    "cash_flow_inv": 55192000,
    "cash_flow_fin": -286622000
  },
  {
    "symbol": "ACRX",
    "end_date": "2016-03-31",
    "amend": "False",
    "period_focus": "Q1",
    "fiscal_year": 2016,
    "doc_type": "10-Q",
    "revenues": 3025000,
    "op_income": -8522000,
    "net_income": -10981000,
    "eps_basic": -0.24,
    "eps_diluted": -0.25,
    "dividend": 0,
    "assets": 121225000,
    "cur_assets": 112794000,
    "cur_liab": 16804000,
    "cash": 105429000,
    "equity": 23443000,
    "cash_flow_op": -6229000,
    "cash_flow_inv": 3615000,
    "cash_flow_fin": 121000
  },
  {
    "symbol": "ACHN",
    "end_date": "2016-03-31",
    "amend": "False",
    "period_focus": "Q1",
    "fiscal_year": 2016,
    "doc_type": "10-Q",
    "revenues": 0,
    "op_income": -18718000,
    "net_income": -18054000,
    "eps_basic": -0.13,
    "eps_diluted": -0.13,
    "dividend": 0,
    "assets": 448656000,
    "cur_assets": 443041000,
    "cur_liab": 13463000,
    "cash": 58745000,
    "equity": 434868000,
    "cash_flow_op": -16184000,
    "cash_flow_inv": -6742000,
    "cash_flow_fin": -54000
  },
  {
    "symbol": "DDE",
    "end_date": "2016-03-31",
    "amend": "False",
    "period_focus": "Q1",
    "fiscal_year": 2016,
    "doc_type": "10-Q",
    "revenues": 44717000,
    "op_income": 34000,
    "net_income": -239000,
    "eps_basic": -0.01,
    "eps_diluted": -0.01,
    "dividend": 0,
    "assets": 168069000,
    "cur_assets": 22384000,
    "cur_liab": 45818000,
    "cash": 11077000,
    "equity": 114828000,
    "cash_flow_op": 2427000,
    "cash_flow_inv": -1280000,
    "cash_flow_fin": -566000
  },
  {
    "symbol": "DVD",
    "end_date": "2016-03-31",
    "amend": "False",
    "period_focus": "Q1",
    "fiscal_year": 2016,
    "doc_type": "10-Q",
    "revenues": 139000,
    "op_income": -3917000,
    "net_income": -2343000,
    "eps_basic": -0.06,
    "eps_diluted": -0.06,
    "dividend": 0,
    "assets": 85364000,
    "cur_assets": 30884000,
    "cur_liab": 8590000,
    "cash": 153000,
    "equity": 49705000,
    "cash_flow_op": -1119000,
    "cash_flow_inv": -333000,
    "cash_flow_fin": 1604000
  },
  {
    "symbol": "DST",
    "end_date": "2016-03-31",
    "amend": "False",
    "period_focus": "Q1",
    "fiscal_year": 2016,
    "doc_type": "10-Q",
    "revenues": 521100000,
    "op_income": 75400000,
    "net_income": 58100000,
    "eps_basic": 1.72,
    "eps_diluted": 1.7,
    "dividend": 0.33,
    "assets": 2604500000,
    "cur_assets": 837700000,
    "cur_liab": 783200000,
    "cash": 73400000,
    "equity": 997800000,
    "cash_flow_op": -14600000,
    "cash_flow_inv": 184200000,
    "cash_flow_fin": -185800000
  },
  {
    "symbol": "ACUR",
    "end_date": "2016-03-31",
    "amend": "False",
    "period_focus": "Q1",
    "fiscal_year": 2016,
    "doc_type": "10-Q",
    "revenues": 224000,
    "op_income": -3138000,
    "net_income": -3384000,
    "eps_basic": -0.28,
    "eps_diluted": -0.28,
    "dividend": 0,
    "assets": 14421000,
    "cur_assets": 11632000,
    "cur_liab": 4428000,
    "cash": 3282000,
    "equity": 4754000,
    "cash_flow_op": -1922000,
    "cash_flow_inv": 3128000,
    "cash_flow_fin": -409000
  },
  {
    "symbol": "ADRO",
    "end_date": "2016-03-31",
    "amend": "False",
    "period_focus": "Q1",
    "fiscal_year": 2016,
    "doc_type": "10-Q",
    "revenues": 4030000,
    "op_income": -26033000,
    "net_income": -28827000,
    "eps_basic": -0.45,
    "eps_diluted": -0.45,
    "dividend": 0,
    "assets": 468012000,
    "cur_assets": 413571000,
    "cur_liab": 41093000,
    "cash": 120133000,
    "equity": 240277000,
    "cash_flow_op": -23363000,
    "cash_flow_inv": -9420000,
    "cash_flow_fin": 2460000
  },
  {
    "symbol": "AERI",
    "end_date": "2016-03-31",
    "amend": "False",
    "period_focus": "Q1",
    "fiscal_year": 2016,
    "doc_type": "10-Q",
    "revenues": "",
    "op_income": -22110000,
    "net_income": -22704000,
    "eps_basic": -0.85,
    "eps_diluted": -0.85,
    "dividend": 0,
    "assets": 139201000,
    "cur_assets": 120691000,
    "cur_liab": 16046000,
    "cash": 74266000,
    "equity": -155000,
    "cash_flow_op": -19358000,
    "cash_flow_inv": 2436000,
    "cash_flow_fin": 128000
  },
  {
    "symbol": "APC",
    "end_date": "2016-03-31",
    "amend": "False",
    "period_focus": "Q1",
    "fiscal_year": 2016,
    "doc_type": "10-Q",
    "revenues": 1674000000,
    "op_income": -864000000,
    "net_income": -1035000000,
    "eps_basic": -2.03,
    "eps_diluted": -2.03,
    "dividend": 0.05,
    "assets": 47922000000,
    "cur_assets": 5767000000,
    "cur_liab": 6657000000,
    "cash": 2947000000,
    "equity": 14701000000,
    "cash_flow_op": -137000000,
    "cash_flow_inv": -973000000,
    "cash_flow_fin": 3119000000
  },
  {
    "symbol": "AFOP",
    "end_date": "2016-03-31",
    "amend": "False",
    "period_focus": "Q1",
    "fiscal_year": 2016,
    "doc_type": "10-Q",
    "revenues": 12485000,
    "op_income": -649000,
    "net_income": -536000,
    "eps_basic": -0.03,
    "eps_diluted": -0.03,
    "dividend": 0,
    "assets": 79743000,
    "cur_assets": 52635000,
    "cur_liab": 14363000,
    "cash": 13076000,
    "equity": 63301000,
    "cash_flow_op": 2811000,
    "cash_flow_inv": 4235000,
    "cash_flow_fin": 19000
  },
  {
    "symbol": "AFOP",
    "end_date": "2015-12-31",
    "amend": "True",
    "period_focus": "FY",
    "fiscal_year": 2015,
    "doc_type": "10-K",
    "revenues": 81189000,
    "op_income": 19194000,
    "net_income": 13038000,
    "eps_basic": 0.74,
    "eps_diluted": 0.73,
    "dividend": 0,
    "assets": 80633000,
    "cur_assets": 53423000,
    "cur_liab": 15569000,
    "cash": 6157000,
    "equity": 62870000,
    "cash_flow_op": 14066000,
    "cash_flow_inv": 7530000,
    "cash_flow_fin": -38098000
  },
  {
    "symbol": "ALGT",
    "end_date": "2016-03-31",
    "amend": "False",
    "period_focus": "Q1",
    "fiscal_year": 2016,
    "doc_type": "10-Q",
    "revenues": 348615000,
    "op_income": 121126000,
    "net_income": 71980000,
    "eps_basic": 4.29,
    "eps_diluted": 4.29,
    "dividend": 0.3,
    "assets": 1404795000,
    "cur_assets": 400515000,
    "cur_liab": 423135000,
    "cash": 102134000,
    "equity": 362461000,
    "cash_flow_op": 160439000,
    "cash_flow_inv": -66089000,
    "cash_flow_fin": -79328000
  },
  {
    "symbol": "EIX",
    "end_date": "2016-03-31",
    "amend": "False",
    "period_focus": "Q1",
    "fiscal_year": 2016,
    "doc_type": "10-Q",
    "revenues": 2440000000,
    "op_income": 448000000,
    "net_income": 270000000,
    "eps_basic": 0.83,
    "eps_diluted": 0.82,
    "dividend": 0.48,
    "assets": 50459000000,
    "cur_assets": 2427000000,
    "cur_liab": 4233000000,
    "cash": 137000000,
    "equity": 13631000000,
    "cash_flow_op": 853000000,
    "cash_flow_inv": -834000000,
    "cash_flow_fin": -43000000
  },
  {
    "symbol": "EDR",
    "end_date": "2016-03-31",
    "amend": "False",
    "period_focus": "Q1",
    "fiscal_year": 2016,
    "doc_type": "10-Q",
    "revenues": 73379000,
    "op_income": 20216000,
    "net_income": 16669000,
    "eps_basic": 0.27,
    "eps_diluted": 0.26,
    "dividend": 0.37,
    "assets": 2197300000,
    "cur_assets": "",
    "cur_liab": "",
    "cash": 195848000,
    "equity": 1520780000,
    "cash_flow_op": 37550000,
    "cash_flow_inv": -38102000,
    "cash_flow_fin": 162658000
  },
  {
    "symbol": "EEQ",
    "end_date": "2016-03-31",
    "amend": "False",
    "period_focus": "Q1",
    "fiscal_year": 2016,
    "doc_type": "10-Q",
    "revenues": 1061600000,
    "op_income": "",
    "net_income": -116200000,
    "eps_basic": -1.56,
    "eps_diluted": -1.56,
    "dividend": 0,
    "assets": 700000,
    "cur_assets": "",
    "cur_liab": "",
    "cash": 700000,
    "equity": 700000,
    "cash_flow_op": -100000,
    "cash_flow_inv": 0,
    "cash_flow_fin": 0
  },
  {
    "symbol": "EEP",
    "end_date": "2016-03-31",
    "amend": "False",
    "period_focus": "Q1",
    "fiscal_year": 2016,
    "doc_type": "10-Q",
    "revenues": 1061600000,
    "op_income": 268000000,
    "net_income": 80000000,
    "eps_basic": 0.07,
    "eps_diluted": 0.07,
    "dividend": 0,
    "assets": 18827200000,
    "cur_assets": 472000000,
    "cur_liab": 1399100000,
    "cash": 138600000,
    "equity": "",
    "cash_flow_op": 266300000,
    "cash_flow_inv": -374400000,
    "cash_flow_fin": 98600000
  },
  {
    "symbol": "ENBL",
    "end_date": "2016-03-31",
    "amend": "False",
    "period_focus": "Q1",
    "fiscal_year": 2016,
    "doc_type": "10-Q",
    "revenues": 509000000,
    "op_income": 103000000,
    "net_income": 86000000,
    "eps_basic": 0.41000000000000003,
    "eps_diluted": 0.39,
    "dividend": 0,
    "assets": 11249000000,
    "cur_assets": 380000000,
    "cur_liab": 280000000,
    "cash": 38000000,
    "equity": "",
    "cash_flow_op": 117000000,
    "cash_flow_inv": -117000000,
    "cash_flow_fin": 34000000
  },
  {
    "symbol": "EPC",
    "end_date": "2016-03-31",
    "amend": "False",
    "period_focus": "Q2",
    "fiscal_year": 2016,
    "doc_type": "10-Q",
    "revenues": 611200000,
    "op_income": "",
    "net_income": 66100000,
    "eps_basic": 1.11,
    "eps_diluted": 1.1,
    "dividend": 0,
    "assets": 4949400000,
    "cur_assets": 1515500000,
    "cur_liab": 601400000,
    "cash": 660500000,
    "equity": 1872800000,
    "cash_flow_op": -72600000,
    "cash_flow_inv": -34500000,
    "cash_flow_fin": 49800000
  },
  {
    "symbol": "GI",
    "end_date": "2016-03-31",
    "amend": "False",
    "period_focus": "Q1",
    "fiscal_year": 2016,
    "doc_type": "10-Q",
    "revenues": 18462000,
    "op_income": -16109000,
    "net_income": -17062000,
    "eps_basic": -0.68,
    "eps_diluted": -0.68,
    "dividend": 0,
    "assets": 146978000,
    "cur_assets": 93424000,
    "cur_liab": 15264000,
    "cash": 26985000,
    "equity": 85040000,
    "cash_flow_op": -14345000,
    "cash_flow_inv": 7085000,
    "cash_flow_fin": 26000
  },
  {
    "symbol": "ATAX",
    "end_date": "2016-03-31",
    "amend": "False",
    "period_focus": "Q1",
    "fiscal_year": 2016,
    "doc_type": "10-Q",
    "revenues": 14927956,
    "op_income": 2531700,
    "net_income": 2530004,
    "eps_basic": 0.04,
    "eps_diluted": 0.04,
    "dividend": 0,
    "assets": 874452838,
    "cur_assets": "",
    "cur_liab": "",
    "cash": 17822453,
    "equity": "",
    "cash_flow_op": 4865585,
    "cash_flow_inv": 6084465,
    "cash_flow_fin": -10163379
  },
  {
    "symbol": "AMGN",
    "end_date": "2016-03-31",
    "amend": "False",
    "period_focus": "Q1",
    "fiscal_year": 2016,
    "doc_type": "10-Q",
    "revenues": 5527000000,
    "op_income": 2402000000,
    "net_income": 1900000000,
    "eps_basic": 2.52,
    "eps_diluted": 2.5,
    "dividend": 1,
    "assets": 75116000000,
    "cur_assets": 42206000000,
    "cur_liab": 8523000000,
    "cash": 2896000000,
    "equity": 28682000000,
    "cash_flow_op": 1915000000,
    "cash_flow_inv": -4390000000,
    "cash_flow_fin": 1227000000
  },
  {
    "symbol": "FOLD",
    "end_date": "2016-03-31",
    "amend": "False",
    "period_focus": "Q1",
    "fiscal_year": 2016,
    "doc_type": "10-Q",
    "revenues": "",
    "op_income": -43001000,
    "net_income": -43691000,
    "eps_basic": -0.35,
    "eps_diluted": -0.35,
    "dividend": 0,
    "assets": 862907000,
    "cur_assets": 168513000,
    "cur_liab": 64427000,
    "cash": 23510000,
    "equity": 311632000,
    "cash_flow_op": -44936000,
    "cash_flow_inv": -442000,
    "cash_flow_fin": -502000
  },
  {
    "symbol": "ERA",
    "end_date": "2016-03-31",
    "amend": "False",
    "period_focus": "Q1",
    "fiscal_year": 2016,
    "doc_type": "10-Q",
    "revenues": 62582000,
    "op_income": -805000,
    "net_income": -3818000,
    "eps_basic": -0.19,
    "eps_diluted": -0.19,
    "dividend": 0,
    "assets": 997473000,
    "cur_assets": 108767000,
    "cur_liab": 28676000,
    "cash": 30803000,
    "equity": 468597000,
    "cash_flow_op": 14793000,
    "cash_flow_inv": 2602000,
    "cash_flow_fin": -1335000
  },
  {
    "symbol": "ANCB",
    "end_date": "2016-03-31",
    "amend": "False",
    "period_focus": "Q3",
    "fiscal_year": 2016,
    "doc_type": "10-Q",
    "revenues": 5368000,
    "op_income": "",
    "net_income": 101000,
    "eps_basic": 0.04,
    "eps_diluted": 0.04,
    "dividend": 0,
    "assets": 420002000,
    "cur_assets": "",
    "cur_liab": "",
    "cash": 17641000,
    "equity": 64101000,
    "cash_flow_op": 4584000,
    "cash_flow_inv": -38953000,
    "cash_flow_fin": 37560000
  },
  {
    "symbol": "ANIK",
    "end_date": "2016-03-31",
    "amend": "False",
    "period_focus": "Q1",
    "fiscal_year": 2016,
    "doc_type": "10-Q",
    "revenues": 22283000,
    "op_income": 10709000,
    "net_income": 6895000,
    "eps_basic": 0.46,
    "eps_diluted": 0.45,
    "dividend": 0,
    "assets": 214457000,
    "cur_assets": 147900000,
    "cur_liab": 10865000,
    "cash": 92837000,
    "equity": 195368000,
    "cash_flow_op": 7680000,
    "cash_flow_inv": -1667000,
    "cash_flow_fin": -23968000
  },
  {
    "symbol": "ESS",
    "end_date": "2016-03-31",
    "amend": "False",
    "period_focus": "Q1",
    "fiscal_year": 2016,
    "doc_type": "10-Q",
    "revenues": 314202000,
    "op_income": 99995000,
    "net_income": 77981000,
    "eps_basic": 1.19,
    "eps_diluted": 1.19,
    "dividend": 1.6,
    "assets": 12067484000,
    "cur_assets": "",
    "cur_liab": "",
    "cash": 48164000,
    "equity": 6241240000,
    "cash_flow_op": 200610000,
    "cash_flow_inv": -80759000,
    "cash_flow_fin": -101370000
  },
  {
    "symbol": "EL",
    "end_date": "2016-03-31",
    "amend": "False",
    "period_focus": "Q3",
    "fiscal_year": 2016,
    "doc_type": "10-Q",
    "revenues": 2656500000,
    "op_income": 384000000,
    "net_income": 265600000,
    "eps_basic": 0.72,
    "eps_diluted": 0.71,
    "dividend": 0.3,
    "assets": 8816300000,
    "cur_assets": 4252300000,
    "cur_liab": 2433700000,
    "cash": 556300000,
    "equity": 3822400000,
    "cash_flow_op": 1316200000,
    "cash_flow_inv": -1096900000,
    "cash_flow_fin": -665300000
  },
  {
    "symbol": "FN",
    "end_date": "2016-03-25",
    "amend": "False",
    "period_focus": "Q3",
    "fiscal_year": 2016,
    "doc_type": "10-Q",
    "revenues": 250888000,
    "op_income": 19778000,
    "net_income": 20822000,
    "eps_basic": 0.58,
    "eps_diluted": 0.56,
    "dividend": 0,
    "assets": 768530000,
    "cur_assets": 603754000,
    "cur_liab": 228944000,
    "cash": 127957000,
    "equity": 530700000,
    "cash_flow_op": 41356000,
    "cash_flow_inv": -35820000,
    "cash_flow_fin": 9948000
  },
  {
    "symbol": "FSS",
    "end_date": "2016-03-31",
    "amend": "False",
    "period_focus": "Q1",
    "fiscal_year": 2016,
    "doc_type": "10-Q",
    "revenues": 172800000,
    "op_income": 16100000,
    "net_income": 13600000,
    "eps_basic": 0.22,
    "eps_diluted": 0.22,
    "dividend": 0.07,
    "assets": 583200000,
    "cur_assets": 276700000,
    "cur_liab": 89900000,
    "cash": 77300000,
    "equity": 407400000,
    "cash_flow_op": -5400000,
    "cash_flow_inv": 73600000,
    "cash_flow_fin": -67000000
  },
  {
    "symbol": "FCH",
    "end_date": "2016-03-31",
    "amend": "False",
    "period_focus": "Q1",
    "fiscal_year": 2016,
    "doc_type": "10-Q",
    "revenues": 210144000,
    "op_income": 15922000,
    "net_income": -11201000,
    "eps_basic": -0.08,
    "eps_diluted": -0.08,
    "dividend": 0.06,
    "assets": 1858176000,
    "cur_assets": "",
    "cur_liab": "",
    "cash": 57958000,
    "equity": 273591000,
    "cash_flow_op": 19653000,
    "cash_flow_inv": -17639000,
    "cash_flow_fin": -3833000
  },
  {
    "symbol": "FNF",
    "end_date": "2016-03-31",
    "amend": "False",
    "period_focus": "Q1",
    "fiscal_year": 2016,
    "doc_type": "10-Q",
    "revenues": 2048000000,
    "op_income": "",
    "net_income": 74000000,
    "eps_basic": 0.28,
    "eps_diluted": 0.27,
    "dividend": 0.21,
    "assets": 13943000000,
    "cur_assets": "",
    "cur_liab": "",
    "cash": 1083000000,
    "equity": 6575000000,
    "cash_flow_op": 92000000,
    "cash_flow_inv": 171000000,
    "cash_flow_fin": -207000000
  },
  {
    "symbol": "ARCT",
    "end_date": "2016-03-31",
    "amend": "False",
    "period_focus": "Q1",
    "fiscal_year": 2016,
    "doc_type": "10-Q",
    "revenues": 80402,
    "op_income": "",
    "net_income": -94129,
    "eps_basic": -0.01,
    "eps_diluted": -0.01,
    "dividend": 0,
    "assets": 240580654,
    "cur_assets": 516914,
    "cur_liab": 268854,
    "cash": 486914,
    "equity": 5000010,
    "cash_flow_op": -252279,
    "cash_flow_inv": 35503,
    "cash_flow_fin": 2817
  },
  {
    "symbol": "APLP",
    "end_date": "2016-03-31",
    "amend": "False",
    "period_focus": "Q1",
    "fiscal_year": 2016,
    "doc_type": "10-Q",
    "revenues": 151424000,
    "op_income": "",
    "net_income": 614000,
    "eps_basic": 0.01,
    "eps_diluted": 0.01,
    "dividend": 0,
    "assets": 1983948000,
    "cur_assets": 82158000,
    "cur_liab": 37239000,
    "cash": 753000,
    "equity": "",
    "cash_flow_op": 66003000,
    "cash_flow_inv": -36661000,
    "cash_flow_fin": -29061000
  },
  {
    "symbol": "FTK",
    "end_date": "2016-03-31",
    "amend": "False",
    "period_focus": "Q1",
    "fiscal_year": 2016,
    "doc_type": "10-Q",
    "revenues": 72289000,
    "op_income": -46013000,
    "net_income": -30185000,
    "eps_basic": -0.55,
    "eps_diluted": -0.55,
    "dividend": 0,
    "assets": 364582000,
    "cur_assets": 154430000,
    "cur_liab": 80023000,
    "cash": 2480000,
    "equity": 266334000,
    "cash_flow_op": -6552000,
    "cash_flow_inv": -3752000,
    "cash_flow_fin": 10516000
  },
  {
    "symbol": "FMC",
    "end_date": "2016-03-31",
    "amend": "False",
    "period_focus": "Q1",
    "fiscal_year": 2016,
    "doc_type": "10-Q",
    "revenues": 798800000,
    "op_income": 106500000,
    "net_income": 48300000,
    "eps_basic": 0.36,
    "eps_diluted": 0.36,
    "dividend": 0.165,
    "assets": 6390400000,
    "cur_assets": 2955200000,
    "cur_liab": 1451300000,
    "cash": 64300000,
    "equity": 2003300000,
    "cash_flow_op": 107200000,
    "cash_flow_inv": -44500000,
    "cash_flow_fin": -71000000
  },
  {
    "symbol": "FTAI",
    "end_date": "2016-03-31",
    "amend": "False",
    "period_focus": "Q1",
    "fiscal_year": 2016,
    "doc_type": "10-Q",
    "revenues": 31453000,
    "op_income": "",
    "net_income": -5782000,
    "eps_basic": -0.08,
    "eps_diluted": -0.08,
    "dividend": 0.33,
    "assets": 1606448000,
    "cur_assets": "",
    "cur_liab": "",
    "cash": 347912000,
    "equity": -24551000,
    "cash_flow_op": -3799000,
    "cash_flow_inv": 35494000,
    "cash_flow_fin": -65486000
  },
  {
    "symbol": "FET",
    "end_date": "2016-03-31",
    "amend": "False",
    "period_focus": "Q1",
    "fiscal_year": 2016,
    "doc_type": "10-Q",
    "revenues": 159441000,
    "op_income": -25013000,
    "net_income": -22943000,
    "eps_basic": -0.25,
    "eps_diluted": -0.25,
    "dividend": 0,
    "assets": 1854569000,
    "cur_assets": 698255000,
    "cur_liab": 144705000,
    "cash": 131977000,
    "equity": 1241964000,
    "cash_flow_op": 26856000,
    "cash_flow_inv": -3952000,
    "cash_flow_fin": -539000
  },
  {
    "symbol": "FDP",
    "end_date": "2016-04-01",
    "amend": "False",
    "period_focus": "Q1",
    "fiscal_year": 2016,
    "doc_type": "10-Q",
    "revenues": -1900000,
    "op_income": 90500000,
    "net_income": 81700000,
    "eps_basic": 1.58,
    "eps_diluted": 1.57,
    "dividend": 0.125,
    "assets": 2639500000,
    "cur_assets": 995900000,
    "cur_liab": 371500000,
    "cash": 34900000,
    "equity": 1762200000,
    "cash_flow_op": 92900000,
    "cash_flow_inv": -33700000,
    "cash_flow_fin": -50200000
  },
  {
    "symbol": "GCAP",
    "end_date": "2015-06-30",
    "amend": "True",
    "period_focus": "Q2",
    "fiscal_year": 2015,
    "doc_type": "10-Q",
    "revenues": 111457000,
    "op_income": -10187000,
    "net_income": -7118000,
    "eps_basic": -0.16,
    "eps_diluted": -0.16,
    "dividend": 0,
    "assets": 1632404000,
    "cur_assets": "",
    "cur_liab": "",
    "cash": 135022000,
    "equity": 314100000,
    "cash_flow_op": 14713000,
    "cash_flow_inv": -11779000,
    "cash_flow_fin": -12379000
  },
  {
    "symbol": "GCAP",
    "end_date": "2015-03-31",
    "amend": "True",
    "period_focus": "Q1",
    "fiscal_year": 2015,
    "doc_type": "10-Q",
    "revenues": 129376000,
    "op_income": 13056000,
    "net_income": 5465000,
    "eps_basic": 0.11,
    "eps_diluted": 0.11,
    "dividend": 0.05,
    "assets": 1235507000,
    "cur_assets": "",
    "cur_liab": "",
    "cash": 90059000,
    "equity": 253876000,
    "cash_flow_op": -36082000,
    "cash_flow_inv": -1303000,
    "cash_flow_fin": -10092000
  },
  {
    "symbol": "GCAP",
    "end_date": "2015-12-31",
    "amend": "True",
    "period_focus": "FY",
    "fiscal_year": 2015,
    "doc_type": "10-K",
    "revenues": 38820000,
    "op_income": 17649000,
    "net_income": 10279000,
    "eps_basic": 0.22,
    "eps_diluted": 0.22,
    "dividend": 0.2,
    "assets": 1424815000,
    "cur_assets": "",
    "cur_liab": "",
    "cash": 171888000,
    "equity": 306084000,
    "cash_flow_op": 77213000,
    "cash_flow_inv": -16081000,
    "cash_flow_fin": -25840000
  },
  {
    "symbol": "GCAP",
    "end_date": "2015-09-30",
    "amend": "True",
    "period_focus": "Q3",
    "fiscal_year": 2015,
    "doc_type": "10-Q",
    "revenues": 128111000,
    "op_income": 11988000,
    "net_income": 973000,
    "eps_basic": 0.05,
    "eps_diluted": 0.05,
    "dividend": 0,
    "assets": 1512879000,
    "cur_assets": "",
    "cur_liab": "",
    "cash": 186688000,
    "equity": 305664000,
    "cash_flow_op": 75414000,
    "cash_flow_inv": -9547000,
    "cash_flow_fin": -20106000
  },
  {
    "symbol": "BKMU",
    "end_date": "2016-03-31",
    "amend": "False",
    "period_focus": "Q1",
    "fiscal_year": 2016,
    "doc_type": "10-Q",
    "revenues": 26552000,
    "op_income": "",
    "net_income": 4473000,
    "eps_basic": 0.1,
    "eps_diluted": 0.1,
    "dividend": 0.05,
    "assets": 2533371000,
    "cur_assets": "",
    "cur_liab": "",
    "cash": 22420000,
    "equity": 284243000,
    "cash_flow_op": 55000,
    "cash_flow_inv": -41133000,
    "cash_flow_fin": 26755000
  },
  {
    "symbol": "GEO",
    "end_date": "2016-03-31",
    "amend": "False",
    "period_focus": "Q1",
    "fiscal_year": 2016,
    "doc_type": "10-Q",
    "revenues": 510185000,
    "op_income": 59167000,
    "net_income": 32350000,
    "eps_basic": 0.44,
    "eps_diluted": 0.44,
    "dividend": 0.65,
    "assets": 3543027000,
    "cur_assets": 445478000,
    "cur_liab": 274602000,
    "cash": 23225000,
    "equity": 991729000,
    "cash_flow_op": -17527000,
    "cash_flow_inv": -69448000,
    "cash_flow_fin": 48660000
  },
  {
    "symbol": "GLT",
    "end_date": "2016-03-31",
    "amend": "False",
    "period_focus": "Q1",
    "fiscal_year": 2016,
    "doc_type": "10-Q",
    "revenues": 402884000,
    "op_income": 25961000,
    "net_income": 16168000,
    "eps_basic": 0.37,
    "eps_diluted": 0.37,
    "dividend": 0.125,
    "assets": 1521440000,
    "cur_assets": 528656000,
    "cur_liab": 289343000,
    "cash": 70262000,
    "equity": 690171000,
    "cash_flow_op": 11441000,
    "cash_flow_inv": -43561000,
    "cash_flow_fin": -4098000
  },
  {
    "symbol": "BMRN",
    "end_date": "2016-03-31",
    "amend": "False",
    "period_focus": "Q1",
    "fiscal_year": 2016,
    "doc_type": "10-Q",
    "revenues": 236736000,
    "op_income": -80917000,
    "net_income": -85142000,
    "eps_basic": -0.53,
    "eps_diluted": -0.53,
    "dividend": 0,
    "assets": 3666993000,
    "cur_assets": 992790000,
    "cur_liab": 388011000,
    "cash": 270453000,
    "equity": 2290236000,
    "cash_flow_op": -171553000,
    "cash_flow_inv": 76999000,
    "cash_flow_fin": -37165000
  },
  {
    "symbol": "BJRI",
    "end_date": "2016-03-29",
    "amend": "False",
    "period_focus": "Q1",
    "fiscal_year": 2016,
    "doc_type": "10-Q",
    "revenues": 243401000,
    "op_income": 16393000,
    "net_income": 11644000,
    "eps_basic": 0.48,
    "eps_diluted": 0.47,
    "dividend": 0,
    "assets": 671704000,
    "cur_assets": 72098000,
    "cur_liab": 120161000,
    "cash": 26950000,
    "equity": 305617000,
    "cash_flow_op": 46817000,
    "cash_flow_inv": -25333000,
    "cash_flow_fin": -29138000
  },
  {
    "symbol": "BDE",
    "end_date": "2016-03-31",
    "amend": "False",
    "period_focus": "Q1",
    "fiscal_year": 2016,
    "doc_type": "10-Q",
    "revenues": 38207000,
    "op_income": -3873000,
    "net_income": -4013000,
    "eps_basic": -0.13,
    "eps_diluted": -0.13,
    "dividend": 0,
    "assets": 221467000,
    "cur_assets": 175204000,
    "cur_liab": 19522000,
    "cash": 86335000,
    "equity": 170568000,
    "cash_flow_op": 1031000,
    "cash_flow_inv": -1506000,
    "cash_flow_fin": -1662000
  },
  {
    "symbol": "BLMN",
    "end_date": "2016-03-27",
    "amend": "False",
    "period_focus": "Q1",
    "fiscal_year": 2016,
    "doc_type": "10-Q",
    "revenues": 1158052000,
    "op_income": 86684000,
    "net_income": 34475000,
    "eps_basic": 0.29,
    "eps_diluted": 0.29,
    "dividend": 0.07,
    "assets": 2885454000,
    "cur_assets": 300676000,
    "cur_liab": 803104000,
    "cash": 128834000,
    "equity": 367202000,
    "cash_flow_op": 130725000,
    "cash_flow_inv": -18553000,
    "cash_flow_fin": -114634000
  },
  {
    "symbol": "GPI",
    "end_date": "2016-03-31",
    "amend": "False",
    "period_focus": "Q1",
    "fiscal_year": 2016,
    "doc_type": "10-Q",
    "revenues": 2608355000,
    "op_income": 82041000,
    "net_income": 32943000,
    "eps_basic": 1.47,
    "eps_diluted": 1.47,
    "dividend": 0.22,
    "assets": 4533846000,
    "cur_assets": 2254079000,
    "cur_liab": 2103353000,
    "cash": 22381000,
    "equity": 912793000,
    "cash_flow_op": 116075000,
    "cash_flow_inv": -71047000,
    "cash_flow_fin": -36525000
  },
  {
    "symbol": "BBRG",
    "end_date": "2016-03-27",
    "amend": "False",
    "period_focus": "Q1",
    "fiscal_year": 2016,
    "doc_type": "10-Q",
    "revenues": 108800000,
    "op_income": 3192000,
    "net_income": 2248000,
    "eps_basic": 0.15,
    "eps_diluted": 0.15,
    "dividend": 0,
    "assets": 241377000,
    "cur_assets": 12332000,
    "cur_liab": 58586000,
    "cash": 320000,
    "equity": 55860000,
    "cash_flow_op": 2423000,
    "cash_flow_inv": -3776000,
    "cash_flow_fin": 1226000
  },
  {
    "symbol": "BSFT",
    "end_date": "2016-03-31",
    "amend": "False",
    "period_focus": "Q1",
    "fiscal_year": 2016,
    "doc_type": "10-Q",
    "revenues": 73136000,
    "op_income": -419000,
    "net_income": -1509000,
    "eps_basic": -0.04,
    "eps_diluted": -0.04,
    "dividend": 0,
    "assets": 596030000,
    "cur_assets": 345720000,
    "cur_liab": 127484000,
    "cash": 145840000,
    "equity": 266777000,
    "cash_flow_op": 19079000,
    "cash_flow_inv": -48075000,
    "cash_flow_fin": -1375000
  },
  {
    "symbol": "BWLD",
    "end_date": "2016-03-27",
    "amend": "False",
    "period_focus": "Q1",
    "fiscal_year": 2016,
    "doc_type": "10-Q",
    "revenues": 508257000,
    "op_income": 46603000,
    "net_income": 32773000,
    "eps_basic": 1.73,
    "eps_diluted": 1.73,
    "dividend": 0,
    "assets": 971475000,
    "cur_assets": 97685000,
    "cur_liab": 181615000,
    "cash": 11693000,
    "equity": 664048000,
    "cash_flow_op": 77101000,
    "cash_flow_inv": -37954000,
    "cash_flow_fin": -38464000
  },
  {
    "symbol": "HTS",
    "end_date": "2016-03-31",
    "amend": "False",
    "period_focus": "Q1",
    "fiscal_year": 2016,
    "doc_type": "10-Q",
    "revenues": -30977000,
    "op_income": "",
    "net_income": -76645000,
    "eps_basic": -0.81,
    "eps_diluted": -0.81,
    "dividend": 0.45,
    "assets": 14094505000,
    "cur_assets": "",
    "cur_liab": "",
    "cash": 705920000,
    "equity": 2045371000,
    "cash_flow_op": 84588000,
    "cash_flow_inv": 1900696000,
    "cash_flow_fin": -2096079000
  },
  {
    "symbol": "HT",
    "end_date": "2016-03-31",
    "amend": "False",
    "period_focus": "Q1",
    "fiscal_year": 2016,
    "doc_type": "10-Q",
    "revenues": 106870000,
    "op_income": 4135000,
    "net_income": -11321000,
    "eps_basic": -0.26,
    "eps_diluted": -0.26,
    "dividend": 0,
    "assets": 2088831000,
    "cur_assets": "",
    "cur_liab": "",
    "cash": 23677000,
    "equity": 683643000,
    "cash_flow_op": 9099000,
    "cash_flow_inv": -137312000,
    "cash_flow_fin": 123935000
  },
  {
    "symbol": "HI",
    "end_date": "2016-03-31",
    "amend": "False",
    "period_focus": "Q2",
    "fiscal_year": 2016,
    "doc_type": "10-Q",
    "revenues": 387000000,
    "op_income": "",
    "net_income": 26100000,
    "eps_basic": 0.41,
    "eps_diluted": 0.41,
    "dividend": 0.2025,
    "assets": 1991000000,
    "cur_assets": 587400000,
    "cur_liab": 377500000,
    "cash": 43200000,
    "equity": 633200000,
    "cash_flow_op": 87200000,
    "cash_flow_inv": -245200000,
    "cash_flow_fin": 154500000
  },
  {
    "symbol": "HZN",
    "end_date": "2016-03-31",
    "amend": "False",
    "period_focus": "Q1",
    "fiscal_year": 2016,
    "doc_type": "10-Q",
    "revenues": 146110000,
    "op_income": 7810000,
    "net_income": 2190000,
    "eps_basic": 0.12,
    "eps_diluted": 0.12,
    "dividend": 0,
    "assets": 347830000,
    "cur_assets": 227760000,
    "cur_liab": 116060000,
    "cash": 18710000,
    "equity": 6760000,
    "cash_flow_op": -23580000,
    "cash_flow_inv": -3280000,
    "cash_flow_fin": 21910000
  },
  {
    "symbol": "HNI",
    "end_date": "2016-04-02",
    "amend": "False",
    "period_focus": "Q1",
    "fiscal_year": 2016,
    "doc_type": "10-Q",
    "revenues": 501037000,
    "op_income": 19519000,
    "net_income": 11843000,
    "eps_basic": 0.27,
    "eps_diluted": 0.26,
    "dividend": 0.265,
    "assets": 1311452000,
    "cur_assets": 443495000,
    "cur_liab": 459207000,
    "cash": 38566000,
    "equity": 488565000,
    "cash_flow_op": -20230000,
    "cash_flow_inv": -60926000,
    "cash_flow_fin": 91174000
  },
  {
    "symbol": "HHC",
    "end_date": "2016-03-31",
    "amend": "False",
    "period_focus": "Q1",
    "fiscal_year": 2016,
    "doc_type": "10-Q",
    "revenues": 239666000,
    "op_income": 192970000,
    "net_income": 143765000,
    "eps_basic": 3.64,
    "eps_diluted": 2.69,
    "dividend": 0,
    "assets": 6031974000,
    "cur_assets": "",
    "cur_liab": "",
    "cash": 736834000,
    "equity": 2500463000,
    "cash_flow_op": -42361000,
    "cash_flow_inv": 239171000,
    "cash_flow_fin": 94723000
  },
  {
    "symbol": "H",
    "end_date": "2016-03-31",
    "amend": "False",
    "period_focus": "Q1",
    "fiscal_year": 2016,
    "doc_type": "10-Q",
    "revenues": 1089000000,
    "op_income": "",
    "net_income": 34000000,
    "eps_basic": 0.25,
    "eps_diluted": 0.25,
    "dividend": 0,
    "assets": 7899000000,
    "cur_assets": 1462000000,
    "cur_liab": 1012000000,
    "cash": 771000000,
    "equity": 4000000000,
    "cash_flow_op": 51000000,
    "cash_flow_inv": -12000000,
    "cash_flow_fin": 264000000
  },
  {
    "symbol": "CKEC",
    "end_date": "2016-03-31",
    "amend": "False",
    "period_focus": "Q1",
    "fiscal_year": 2016,
    "doc_type": "10-Q",
    "revenues": 206188000,
    "op_income": 15608000,
    "net_income": 2225000,
    "eps_basic": 0.09,
    "eps_diluted": 0.09,
    "dividend": 0,
    "assets": 910195000,
    "cur_assets": 137032000,
    "cur_liab": 104879000,
    "cash": 95723000,
    "equity": 290696000,
    "cash_flow_op": 8891000,
    "cash_flow_inv": -9937000,
    "cash_flow_fin": -5742000
  },
  {
    "symbol": "CELG",
    "end_date": "2016-03-31",
    "amend": "False",
    "period_focus": "Q1",
    "fiscal_year": 2016,
    "doc_type": "10-Q",
    "revenues": 2511600000,
    "op_income": 1001500000,
    "net_income": 80600000,
    "eps_basic": 1.03,
    "eps_diluted": 0.99,
    "dividend": 0,
    "assets": 25963900000,
    "cur_assets": 8386000000,
    "cur_liab": 1833900000,
    "cash": 4445500000,
    "equity": 5074800000,
    "cash_flow_op": 974900000,
    "cash_flow_inv": -110200000,
    "cash_flow_fin": -1319700000
  },
  {
    "symbol": "CBOE",
    "end_date": "2016-03-31",
    "amend": "False",
    "period_focus": "Q1",
    "fiscal_year": 2016,
    "doc_type": "10-Q",
    "revenues": 162330000,
    "op_income": 79481000,
    "net_income": 49198000,
    "eps_basic": 0.6,
    "eps_diluted": 0.6,
    "dividend": 0,
    "assets": 394830000,
    "cur_assets": 184691000,
    "cur_liab": 83354000,
    "cash": 107482000,
    "equity": 247927000,
    "cash_flow_op": 97428000,
    "cash_flow_inv": -27913000,
    "cash_flow_fin": -64286000
  },
  {
    "symbol": "NSP",
    "end_date": "2016-03-31",
    "amend": "False",
    "period_focus": "Q1",
    "fiscal_year": 2016,
    "doc_type": "10-Q",
    "revenues": 802408000,
    "op_income": 53043000,
    "net_income": 32693000,
    "eps_basic": 1.53,
    "eps_diluted": 1.53,
    "dividend": 0.22,
    "assets": 880510000,
    "cur_assets": 636393000,
    "cur_liab": 590427000,
    "cash": 318848000,
    "equity": 55352000,
    "cash_flow_op": 95207000,
    "cash_flow_inv": 3075000,
    "cash_flow_fin": -48972000
  },
  {
    "symbol": "IL",
    "end_date": "2016-03-31",
    "amend": "False",
    "period_focus": "Q1",
    "fiscal_year": 2016,
    "doc_type": "10-Q",
    "revenues": 70723000,
    "op_income": -4021000,
    "net_income": -4873000,
    "eps_basic": -0.08,
    "eps_diluted": -0.08,
    "dividend": 0,
    "assets": 445800000,
    "cur_assets": 106146000,
    "cur_liab": 84670000,
    "cash": 34491000,
    "equity": 277302000,
    "cash_flow_op": -5337000,
    "cash_flow_inv": -4989000,
    "cash_flow_fin": -3356000
  },
  {
    "symbol": "CEMP",
    "end_date": "2016-03-31",
    "amend": "False",
    "period_focus": "Q1",
    "fiscal_year": 2016,
    "doc_type": "10-Q",
    "revenues": 2679000,
    "op_income": -29174000,
    "net_income": -29406000,
    "eps_basic": -0.61,
    "eps_diluted": -0.61,
    "dividend": 0,
    "assets": 228923000,
    "cur_assets": 228696000,
    "cur_liab": 19347000,
    "cash": 223609000,
    "equity": 184644000,
    "cash_flow_op": -24176000,
    "cash_flow_inv": "",
    "cash_flow_fin": 94020000
  },
  {
    "symbol": "CERU",
    "end_date": "2016-03-31",
    "amend": "False",
    "period_focus": "Q1",
    "fiscal_year": 2016,
    "doc_type": "10-Q",
    "revenues": "",
    "op_income": "",
    "net_income": -13542000,
    "eps_basic": -0.49,
    "eps_diluted": -0.49,
    "dividend": 0,
    "assets": 63024000,
    "cur_assets": 62101000,
    "cur_liab": 15581000,
    "cash": 60515000,
    "equity": 35983000,
    "cash_flow_op": -13260000,
    "cash_flow_inv": -242000,
    "cash_flow_fin": -1891000
  },
  {
    "symbol": "KAMN",
    "end_date": "2016-04-01",
    "amend": "False",
    "period_focus": "Q1",
    "fiscal_year": 2016,
    "doc_type": "10-Q",
    "revenues": 451198000,
    "op_income": 18350000,
    "net_income": 9777000,
    "eps_basic": 0.36,
    "eps_diluted": 0.35,
    "dividend": 0.18,
    "assets": 1463952000,
    "cur_assets": 695091000,
    "cur_liab": 251454000,
    "cash": 18033000,
    "equity": 556046000,
    "cash_flow_op": 5727000,
    "cash_flow_inv": -8073000,
    "cash_flow_fin": 3579000
  },
  {
    "symbol": "CGNX",
    "end_date": "2016-04-03",
    "amend": "False",
    "period_focus": "Q1",
    "fiscal_year": 2016,
    "doc_type": "10-Q",
    "revenues": 96205000,
    "op_income": 16344000,
    "net_income": 14885000,
    "eps_basic": 0.18,
    "eps_diluted": 0.17,
    "dividend": 0.07,
    "assets": 913637000,
    "cur_assets": 492930000,
    "cur_liab": 54305000,
    "cash": 79914000,
    "equity": 850719000,
    "cash_flow_op": 27580000,
    "cash_flow_inv": 1481000,
    "cash_flow_fin": -2510000
  },
  {
    "symbol": "CYH",
    "end_date": "2016-03-31",
    "amend": "False",
    "period_focus": "Q1",
    "fiscal_year": 2016,
    "doc_type": "10-Q",
    "revenues": 5754000000,
    "op_income": 294000000,
    "net_income": 11000000,
    "eps_basic": 0.1,
    "eps_diluted": 0.1,
    "dividend": 0,
    "assets": 26724000000,
    "cur_assets": 5256000000,
    "cur_liab": 3054000000,
    "cash": 181000000,
    "equity": 4118000000,
    "cash_flow_op": 294000000,
    "cash_flow_inv": -371000000,
    "cash_flow_fin": 74000000
  },
  {
    "symbol": "CPSS",
    "end_date": "2016-03-31",
    "amend": "False",
    "period_focus": "Q1",
    "fiscal_year": 2016,
    "doc_type": "10-Q",
    "revenues": 100649000,
    "op_income": "",
    "net_income": 7214000,
    "eps_basic": 0.29,
    "eps_diluted": 0.24,
    "dividend": 0,
    "assets": 2249958000,
    "cur_assets": "",
    "cur_liab": "",
    "cash": 16191000,
    "equity": 166689000,
    "cash_flow_op": 60526000,
    "cash_flow_inv": -170828000,
    "cash_flow_fin": 107171000
  },
  {
    "symbol": "CNMD",
    "end_date": "2016-03-31",
    "amend": "False",
    "period_focus": "Q1",
    "fiscal_year": 2016,
    "doc_type": "10-Q",
    "revenues": 181201000,
    "op_income": 3539000,
    "net_income": -2265000,
    "eps_basic": -0.08,
    "eps_diluted": -0.08,
    "dividend": 0.2,
    "assets": 1342783000,
    "cur_assets": 367934000,
    "cur_liab": 103158000,
    "cash": 19894000,
    "equity": 582289000,
    "cash_flow_op": -17280000,
    "cash_flow_inv": -259213000,
    "cash_flow_fin": 223162000
  },
  {
    "symbol": "CCUR",
    "end_date": "2016-03-31",
    "amend": "False",
    "period_focus": "Q3",
    "fiscal_year": 2016,
    "doc_type": "10-Q",
    "revenues": 15456000,
    "op_income": -1910000,
    "net_income": -1176000,
    "eps_basic": -0.13,
    "eps_diluted": -0.13,
    "dividend": 0.12,
    "assets": 58062000,
    "cur_assets": 40090000,
    "cur_liab": 16192000,
    "cash": 18731000,
    "equity": 35271000,
    "cash_flow_op": -4564000,
    "cash_flow_inv": 1094000,
    "cash_flow_fin": -3364000
  },
  {
    "symbol": "LYV",
    "end_date": "2016-03-31",
    "amend": "False",
    "period_focus": "Q1",
    "fiscal_year": 2016,
    "doc_type": "10-Q",
    "revenues": 1207716000,
    "op_income": -33290000,
    "net_income": -57854000,
    "eps_basic": -0.29,
    "eps_diluted": -0.29,
    "dividend": 0,
    "assets": 6927174000,
    "cur_assets": 2966254000,
    "cur_liab": 2926237000,
    "cash": 1699281000,
    "equity": 1404658000,
    "cash_flow_op": 517398000,
    "cash_flow_inv": -85744000,
    "cash_flow_fin": -53289000
  },
  {
    "symbol": "L",
    "end_date": "2016-03-31",
    "amend": "False",
    "period_focus": "Q1",
    "fiscal_year": 2016,
    "doc_type": "10-Q",
    "revenues": 3173000000,
    "op_income": "",
    "net_income": 102000000,
    "eps_basic": 0.3,
    "eps_diluted": 0.3,
    "dividend": 0.0625,
    "assets": 77224000000,
    "cur_assets": "",
    "cur_liab": "",
    "cash": 308000000,
    "equity": 23125000000,
    "cash_flow_op": 149000000,
    "cash_flow_inv": -157000000,
    "cash_flow_fin": -123000000
  },
  {
    "symbol": "LTC",
    "end_date": "2016-03-31",
    "amend": "False",
    "period_focus": "Q1",
    "fiscal_year": 2016,
    "doc_type": "10-Q",
    "revenues": 38604000,
    "op_income": 19586000,
    "net_income": 19757000,
    "eps_basic": 0.53,
    "eps_diluted": 0.53,
    "dividend": 0,
    "assets": 1318850000,
    "cur_assets": "",
    "cur_liab": "",
    "cash": 24280000,
    "equity": 672690000,
    "cash_flow_op": 19605000,
    "cash_flow_inv": -37574000,
    "cash_flow_fin": 29307000
  },
  {
    "symbol": "COWN",
    "end_date": "2016-03-31",
    "amend": "False",
    "period_focus": "Q1",
    "fiscal_year": 2016,
    "doc_type": "10-Q",
    "revenues": 101039000,
    "op_income": "",
    "net_income": -5396000,
    "eps_basic": -0.05,
    "eps_diluted": -0.05,
    "dividend": 0,
    "assets": 1874936000,
    "cur_assets": "",
    "cur_liab": "",
    "cash": 67046000,
    "equity": 782920000,
    "cash_flow_op": -340620000,
    "cash_flow_inv": 16567000,
    "cash_flow_fin": 232614000
  },
  {
    "symbol": "CRAY",
    "end_date": "2016-03-31",
    "amend": "False",
    "period_focus": "Q1",
    "fiscal_year": 2016,
    "doc_type": "10-Q",
    "revenues": 105549000,
    "op_income": -9217000,
    "net_income": -5013000,
    "eps_basic": -0.13,
    "eps_diluted": -0.13,
    "dividend": 0,
    "assets": 689278000,
    "cur_assets": 568958000,
    "cur_liab": 150526000,
    "cash": 294030000,
    "equity": 508415000,
    "cash_flow_op": 33599000,
    "cash_flow_inv": -9277000,
    "cash_flow_fin": 1602000
  },
  {
    "symbol": "CACC",
    "end_date": "2016-03-31",
    "amend": "False",
    "period_focus": "Q1",
    "fiscal_year": 2016,
    "doc_type": "10-Q",
    "revenues": 227900000,
    "op_income": "",
    "net_income": 74400000,
    "eps_basic": 3.64,
    "eps_diluted": 3.63,
    "dividend": 0,
    "assets": 3704000000,
    "cur_assets": "",
    "cur_liab": "",
    "cash": 9100000,
    "equity": 991400000,
    "cash_flow_op": 91700000,
    "cash_flow_inv": -344300000,
    "cash_flow_fin": 255400000
  },
  {
    "symbol": "LDL",
    "end_date": "2016-03-31",
    "amend": "False",
    "period_focus": "Q1",
    "fiscal_year": 2016,
    "doc_type": "10-Q",
    "revenues": 129700000,
    "op_income": 13679000,
    "net_income": 9169000,
    "eps_basic": 0.54,
    "eps_diluted": 0.54,
    "dividend": 0,
    "assets": 362977000,
    "cur_assets": 221555000,
    "cur_liab": 67605000,
    "cash": 69525000,
    "equity": 257899000,
    "cash_flow_op": 12783000,
    "cash_flow_inv": -9616000,
    "cash_flow_fin": -10537000
  },
  {
    "symbol": "MHO",
    "end_date": "2016-03-31",
    "amend": "False",
    "period_focus": "Q1",
    "fiscal_year": 2016,
    "doc_type": "10-Q",
    "revenues": 324370000,
    "op_income": 19673000,
    "net_income": 7970000,
    "eps_basic": 0.32,
    "eps_diluted": 0.3,
    "dividend": 0,
    "assets": 1436712000,
    "cur_assets": "",
    "cur_liab": "",
    "cash": 31755000,
    "equity": 604605000,
    "cash_flow_op": 1056000,
    "cash_flow_inv": -12863000,
    "cash_flow_fin": 33357000
  },
  {
    "symbol": "MIC",
    "end_date": "2016-03-31",
    "amend": "False",
    "period_focus": "Q1",
    "fiscal_year": 2016,
    "doc_type": "10-Q",
    "revenues": 396387000,
    "op_income": 89190000,
    "net_income": 22355000,
    "eps_basic": 0.28,
    "eps_diluted": 0.28,
    "dividend": 1.2,
    "assets": 7283416000,
    "cur_assets": 198222000,
    "cur_liab": 298520000,
    "cash": 22502000,
    "equity": 3137062000,
    "cash_flow_op": 148566000,
    "cash_flow_inv": -65698000,
    "cash_flow_fin": -83217000
  },
  {
    "symbol": "MNK",
    "end_date": "2016-03-25",
    "amend": "False",
    "period_focus": "Q2",
    "fiscal_year": 2016,
    "doc_type": "10-Q",
    "revenues": 918000000,
    "op_income": 164400000,
    "net_income": 118300000,
    "eps_basic": 1.06,
    "eps_diluted": 1.06,
    "dividend": 0,
    "assets": 15903600000,
    "cur_assets": 1544900000,
    "cur_liab": 892100000,
    "cash": 341400000,
    "equity": 5097900000,
    "cash_flow_op": 540100000,
    "cash_flow_inv": 34000000,
    "cash_flow_fin": -598500000
  },
  {
    "symbol": "MPC",
    "end_date": "2016-03-31",
    "amend": "False",
    "period_focus": "Q1",
    "fiscal_year": 2016,
    "doc_type": "10-Q",
    "revenues": 1152000000,
    "op_income": 75000000,
    "net_income": 1000000,
    "eps_basic": 0.003,
    "eps_diluted": 0.003,
    "dividend": 0.32,
    "assets": 41758000000,
    "cur_assets": 8097000000,
    "cur_liab": 5595000000,
    "cash": 308000000,
    "equity": 19494000000,
    "cash_flow_op": 327000000,
    "cash_flow_inv": -727000000,
    "cash_flow_fin": -419000000
  },
  {
    "symbol": "MPX",
    "end_date": "2016-03-31",
    "amend": "False",
    "period_focus": "Q1",
    "fiscal_year": 2016,
    "doc_type": "10-Q",
    "revenues": 63665000,
    "op_income": 5645000,
    "net_income": 3792000,
    "eps_basic": 0.1,
    "eps_diluted": 0.1,
    "dividend": 0.06,
    "assets": 119571000,
    "cur_assets": 58392000,
    "cur_liab": 21849000,
    "cash": 8240000,
    "equity": 92471000,
    "cash_flow_op": 9460000,
    "cash_flow_inv": -6394000,
    "cash_flow_fin": -2812000
  },
  {
    "symbol": "CUTR",
    "end_date": "2016-03-31",
    "amend": "False",
    "period_focus": "Q1",
    "fiscal_year": 2016,
    "doc_type": "10-Q",
    "revenues": 22423000,
    "op_income": -2171000,
    "net_income": -2051000,
    "eps_basic": -0.16,
    "eps_diluted": -0.16,
    "dividend": 0,
    "assets": 74694000,
    "cur_assets": 71045000,
    "cur_liab": 22485000,
    "cash": 6265000,
    "equity": 49589000,
    "cash_flow_op": -4044000,
    "cash_flow_inv": -721000,
    "cash_flow_fin": 162000
  },
  {
    "symbol": "DENN",
    "end_date": "2016-03-30",
    "amend": "False",
    "period_focus": "Q1",
    "fiscal_year": 2016,
    "doc_type": "10-Q",
    "revenues": 124642000,
    "op_income": 18233000,
    "net_income": 9954000,
    "eps_basic": 0.13,
    "eps_diluted": 0.13,
    "dividend": 0,
    "assets": 288837000,
    "cur_assets": 30634000,
    "cur_liab": 79528000,
    "cash": 4137000,
    "equity": -57427000,
    "cash_flow_op": 8658000,
    "cash_flow_inv": -3544000,
    "cash_flow_fin": -2648000
  },
  {
    "symbol": "TACO",
    "end_date": "2016-03-22",
    "amend": "False",
    "period_focus": "Q1",
    "fiscal_year": 2016,
    "doc_type": "10-Q",
    "revenues": 93550000,
    "op_income": 6740000,
    "net_income": 3061000,
    "eps_basic": 0.08,
    "eps_diluted": 0.08,
    "dividend": 0,
    "assets": 704158000,
    "cur_assets": 21080000,
    "cur_liab": 49184000,
    "cash": 13404000,
    "equity": 371159000,
    "cash_flow_op": 9226000,
    "cash_flow_inv": -4617000,
    "cash_flow_fin": -1399000
  },
  {
    "symbol": "HZO",
    "end_date": "2016-03-31",
    "amend": "False",
    "period_focus": "Q2",
    "fiscal_year": 2016,
    "doc_type": "10-Q",
    "revenues": 199566000,
    "op_income": 5568000,
    "net_income": 2422000,
    "eps_basic": 0.1,
    "eps_diluted": 0.1,
    "dividend": 0,
    "assets": 575176000,
    "cur_assets": 440742000,
    "cur_liab": 288240000,
    "cash": 43974000,
    "equity": 286285000,
    "cash_flow_op": -53542000,
    "cash_flow_inv": -13911000,
    "cash_flow_fin": 78816000
  },
  {
    "symbol": "MKL",
    "end_date": "2016-03-31",
    "amend": "False",
    "period_focus": "Q1",
    "fiscal_year": 2016,
    "doc_type": "10-Q",
    "revenues": 1376182000,
    "op_income": 245177000,
    "net_income": 160370000,
    "eps_basic": 11.21,
    "eps_diluted": 11.15,
    "dividend": 0,
    "assets": 25685230000,
    "cur_assets": "",
    "cur_liab": "",
    "cash": 2284165000,
    "equity": 8246563000,
    "cash_flow_op": -104569000,
    "cash_flow_inv": -243907000,
    "cash_flow_fin": -8802000
  },
  {
    "symbol": "MMC",
    "end_date": "2016-03-31",
    "amend": "False",
    "period_focus": "Q1",
    "fiscal_year": 2016,
    "doc_type": "10-Q",
    "revenues": 3336000000,
    "op_income": 733000000,
    "net_income": 481000000,
    "eps_basic": 0.92,
    "eps_diluted": 0.91,
    "dividend": 0,
    "assets": 18128000000,
    "cur_assets": 4798000000,
    "cur_liab": 3159000000,
    "cash": 918000000,
    "equity": 6771000000,
    "cash_flow_op": -581000000,
    "cash_flow_inv": -126000000,
    "cash_flow_fin": 245000000
  },
  {
    "symbol": "DIGIRAD",
    "end_date": "2016-03-31",
    "amend": "False",
    "period_focus": "Q1",
    "fiscal_year": 2016,
    "doc_type": "10-Q",
    "revenues": 31157000,
    "op_income": -553000,
    "net_income": 11609000,
    "eps_basic": 0.6,
    "eps_diluted": 0.58,
    "dividend": 0.05,
    "assets": 116435000,
    "cur_assets": 32237000,
    "cur_liab": 23164000,
    "cash": 7202000,
    "equity": 65015000,
    "cash_flow_op": 736000,
    "cash_flow_inv": -26392000,
    "cash_flow_fin": 16990000
  },
  {
    "symbol": "DGII",
    "end_date": "2016-03-31",
    "amend": "False",
    "period_focus": "Q2",
    "fiscal_year": 2016,
    "doc_type": "10-Q",
    "revenues": 50162000,
    "op_income": 3653000,
    "net_income": 2137000,
    "eps_basic": 0.08,
    "eps_diluted": 0.08,
    "dividend": 0,
    "assets": 323549000,
    "cur_assets": 176930000,
    "cur_liab": 20679000,
    "cash": 67270000,
    "equity": 290406000,
    "cash_flow_op": 11488000,
    "cash_flow_inv": 4233000,
    "cash_flow_fin": 6460000
  },
  {
    "symbol": "MCY",
    "end_date": "2016-03-31",
    "amend": "False",
    "period_focus": "Q1",
    "fiscal_year": 2016,
    "doc_type": "10-Q",
    "revenues": 823920000,
    "op_income": "",
    "net_income": 23300000,
    "eps_basic": 0.42,
    "eps_diluted": 0.42,
    "dividend": 0.62,
    "assets": 4692063000,
    "cur_assets": "",
    "cur_liab": "",
    "cash": 235109000,
    "equity": 1807378000,
    "cash_flow_op": 45679000,
    "cash_flow_inv": -41437000,
    "cash_flow_fin": -33354000
  },
  {
    "symbol": "MTH",
    "end_date": "2016-03-31",
    "amend": "False",
    "period_focus": "Q1",
    "fiscal_year": 2016,
    "doc_type": "10-Q",
    "revenues": 597766000,
    "op_income": "",
    "net_income": 20969000,
    "eps_basic": 0.53,
    "eps_diluted": 0.5,
    "dividend": 0,
    "assets": 2714513000,
    "cur_assets": "",
    "cur_liab": "",
    "cash": 172175000,
    "equity": 1284309000,
    "cash_flow_op": -81817000,
    "cash_flow_inv": -3968000,
    "cash_flow_fin": -4248000
  },
  {
    "symbol": "MEP",
    "end_date": "2016-03-31",
    "amend": "False",
    "period_focus": "Q1",
    "fiscal_year": 2016,
    "doc_type": "10-Q",
    "revenues": 431900000,
    "op_income": -28400000,
    "net_income": -20200000,
    "eps_basic": -0.44,
    "eps_diluted": -0.44,
    "dividend": 0,
    "assets": 5142600000,
    "cur_assets": 218500000,
    "cur_liab": 286400000,
    "cash": 51400000,
    "equity": "",
    "cash_flow_op": 123300000,
    "cash_flow_inv": -9900000,
    "cash_flow_fin": -80000000
  },
  {
    "symbol": "ELNK",
    "end_date": "2016-03-31",
    "amend": "False",
    "period_focus": "Q1",
    "fiscal_year": 2016,
    "doc_type": "10-Q",
    "revenues": 254262000,
    "op_income": 14432000,
    "net_income": 7867000,
    "eps_basic": 0.08,
    "eps_diluted": 0.07,
    "dividend": 0.05,
    "assets": 662830000,
    "cur_assets": 160744000,
    "cur_liab": 137581000,
    "cash": 60713000,
    "equity": 25617000,
    "cash_flow_op": 10630000,
    "cash_flow_inv": 7427000,
    "cash_flow_fin": -48640000
  },
  {
    "symbol": "MOH",
    "end_date": "2016-03-31",
    "amend": "False",
    "period_focus": "Q1",
    "fiscal_year": 2016,
    "doc_type": "10-Q",
    "revenues": 4343000000,
    "op_income": 89000000,
    "net_income": 24000000,
    "eps_basic": 0.44,
    "eps_diluted": 0.43,
    "dividend": 0,
    "assets": 7183000000,
    "cur_assets": 5764000000,
    "cur_liab": 4377000000,
    "cash": 2156000000,
    "equity": 1590000000,
    "cash_flow_op": 139000000,
    "cash_flow_inv": -314000000,
    "cash_flow_fin": 2000000
  },
  {
    "symbol": "TAP",
    "end_date": "2016-03-31",
    "amend": "False",
    "period_focus": "Q1",
    "fiscal_year": 2016,
    "doc_type": "10-Q",
    "revenues": 657200000,
    "op_income": 243300000,
    "net_income": 158800000,
    "eps_basic": 0.78,
    "eps_diluted": 0.78,
    "dividend": 0.41,
    "assets": 15210300000,
    "cur_assets": 3762800000,
    "cur_liab": 1221900000,
    "cash": 2602900000,
    "equity": 9919300000,
    "cash_flow_op": -93400000,
    "cash_flow_inv": -205500000,
    "cash_flow_fin": 2463600000
  },
  {
    "symbol": "MCO",
    "end_date": "2016-03-31",
    "amend": "False",
    "period_focus": "Q1",
    "fiscal_year": 2016,
    "doc_type": "10-Q",
    "revenues": 816100000,
    "op_income": 304100000,
    "net_income": 184400000,
    "eps_basic": 0.95,
    "eps_diluted": 0.93,
    "dividend": 0,
    "assets": 5114900000,
    "cur_assets": 3085300000,
    "cur_liab": 1151900000,
    "cash": 1576100000,
    "equity": -351500000,
    "cash_flow_op": 237300000,
    "cash_flow_inv": -108400000,
    "cash_flow_fin": -339200000
  },
  {
    "symbol": "MRC",
    "end_date": "2016-03-31",
    "amend": "False",
    "period_focus": "Q1",
    "fiscal_year": 2016,
    "doc_type": "10-Q",
    "revenues": 783000000,
    "op_income": -4000000,
    "net_income": -14000000,
    "eps_basic": -0.14,
    "eps_diluted": -0.14,
    "dividend": 0,
    "assets": 2434000000,
    "cur_assets": 1346000000,
    "cur_liab": 417000000,
    "cash": 121000000,
    "equity": 922000000,
    "cash_flow_op": 58000000,
    "cash_flow_inv": 38000000,
    "cash_flow_fin": -46000000
  },
  {
    "symbol": "MSA",
    "end_date": "2016-03-31",
    "amend": "False",
    "period_focus": "Q1",
    "fiscal_year": 2016,
    "doc_type": "10-Q",
    "revenues": 279268000,
    "op_income": 31147000,
    "net_income": 11751000,
    "eps_basic": 0.31,
    "eps_diluted": 0.31,
    "dividend": 0.32,
    "assets": 1446230000,
    "cur_assets": 521010000,
    "cur_liab": 230064000,
    "cash": 111901000,
    "equity": 540640000,
    "cash_flow_op": -11006000,
    "cash_flow_inv": 9889000,
    "cash_flow_fin": 3253000
  },
  {
    "symbol": "MPLX",
    "end_date": "2016-03-31",
    "amend": "False",
    "period_focus": "Q1",
    "fiscal_year": 2016,
    "doc_type": "10-Q",
    "revenues": 609000000,
    "op_income": "",
    "net_income": -60000000,
    "eps_basic": -0.33,
    "eps_diluted": -0.33,
    "dividend": 0,
    "assets": 15978000000,
    "cur_assets": 429000000,
    "cur_liab": 1045000000,
    "cash": 4000000,
    "equity": "",
    "cash_flow_op": 295000000,
    "cash_flow_inv": -240000000,
    "cash_flow_fin": -94000000
  },
  {
    "symbol": "MYE",
    "end_date": "2016-03-31",
    "amend": "False",
    "period_focus": "Q1",
    "fiscal_year": 2016,
    "doc_type": "10-Q",
    "revenues": 151205000,
    "op_income": 1129000,
    "net_income": -3393000,
    "eps_basic": -0.11,
    "eps_diluted": -0.11,
    "dividend": 0.14,
    "assets": 429607000,
    "cur_assets": 164602000,
    "cur_liab": 94682000,
    "cash": 5601000,
    "equity": 95791000,
    "cash_flow_op": -11317000,
    "cash_flow_inv": -11168000,
    "cash_flow_fin": 20359000
  },
  {
    "symbol": "NBR",
    "end_date": "2016-03-31",
    "amend": "False",
    "period_focus": "Q1",
    "fiscal_year": 2016,
    "doc_type": "10-Q",
    "revenues": 597571000,
    "op_income": -53766000,
    "net_income": -398294000,
    "eps_basic": -1.41,
    "eps_diluted": -1.41,
    "dividend": 0,
    "assets": 8950331000,
    "cur_assets": 1259387000,
    "cur_liab": 871268000,
    "cash": 200674000,
    "equity": 3916197000,
    "cash_flow_op": 161506000,
    "cash_flow_inv": -128825000,
    "cash_flow_fin": -87505000
  },
  {
    "symbol": "NNN",
    "end_date": "2016-03-31",
    "amend": "False",
    "period_focus": "Q1",
    "fiscal_year": 2016,
    "doc_type": "10-Q",
    "revenues": 126980000,
    "op_income": 77497000,
    "net_income": 61824000,
    "eps_basic": 0.44,
    "eps_diluted": 0.44,
    "dividend": 0.435,
    "assets": 5552903000,
    "cur_assets": "",
    "cur_liab": "",
    "cash": 8203000,
    "equity": 3434162000,
    "cash_flow_op": 102423000,
    "cash_flow_inv": -118767000,
    "cash_flow_fin": 10888000
  },
  {
    "symbol": "EDGE",
    "end_date": "2016-03-31",
    "amend": "False",
    "period_focus": "Q1",
    "fiscal_year": 2016,
    "doc_type": "10-Q",
    "revenues": "",
    "op_income": -9032360,
    "net_income": -9170410,
    "eps_basic": -0.32,
    "eps_diluted": -0.32,
    "dividend": 0,
    "assets": 123766068,
    "cur_assets": 120784219,
    "cur_liab": 6570690,
    "cash": 119942415,
    "equity": 114722964,
    "cash_flow_op": -9073947,
    "cash_flow_inv": -77287,
    "cash_flow_fin": -1095772
  },
  {
    "symbol": "EFII",
    "end_date": "2016-03-31",
    "amend": "False",
    "period_focus": "Q1",
    "fiscal_year": 2016,
    "doc_type": "10-Q",
    "revenues": 234133000,
    "op_income": 6696000,
    "net_income": 1854000,
    "eps_basic": 0.04,
    "eps_diluted": 0.04,
    "dividend": 0,
    "assets": 1465031000,
    "cur_assets": 835115000,
    "cur_liab": 240566000,
    "cash": 190156000,
    "equity": 829398000,
    "cash_flow_op": 8801000,
    "cash_flow_inv": 38899000,
    "cash_flow_fin": -23954000
  },
  {
    "symbol": "N",
    "end_date": "2016-03-31",
    "amend": "False",
    "period_focus": "Q1",
    "fiscal_year": 2016,
    "doc_type": "10-Q",
    "revenues": 216578000,
    "op_income": -25111000,
    "net_income": -29745000,
    "eps_basic": -0.37,
    "eps_diluted": -0.37,
    "dividend": 0,
    "assets": 1155463000,
    "cur_assets": 670461000,
    "cur_liab": 532635000,
    "cash": 309151000,
    "equity": 308737000,
    "cash_flow_op": 31314000,
    "cash_flow_inv": -12646000,
    "cash_flow_fin": 881000
  },
  {
    "symbol": "NFX",
    "end_date": "2016-03-31",
    "amend": "False",
    "period_focus": "Q1",
    "fiscal_year": 2016,
    "doc_type": "10-Q",
    "revenues": 284000000,
    "op_income": -578000000,
    "net_income": -624000000,
    "eps_basic": -3.52,
    "eps_diluted": -3.52,
    "dividend": 0,
    "assets": 4777000000,
    "cur_assets": 1088000000,
    "cur_liab": 525000000,
    "cash": 537000000,
    "equity": 1538000000,
    "cash_flow_op": 72000000,
    "cash_flow_inv": -275000000,
    "cash_flow_fin": 735000000
  },
  {
    "symbol": "EPIQ",
    "end_date": "2016-03-31",
    "amend": "False",
    "period_focus": "Q1",
    "fiscal_year": 2016,
    "doc_type": "10-Q",
    "revenues": 146531000,
    "op_income": 5367000,
    "net_income": -65000,
    "eps_basic": 0,
    "eps_diluted": 0,
    "dividend": 0.09,
    "assets": 829424000,
    "cur_assets": 210937000,
    "cur_liab": 73244000,
    "cash": 20223000,
    "equity": 309260000,
    "cash_flow_op": -10341000,
    "cash_flow_inv": -4884000,
    "cash_flow_fin": 7963000
  },
  {
    "symbol": "EVOL",
    "end_date": "2016-03-31",
    "amend": "False",
    "period_focus": "Q1",
    "fiscal_year": 2016,
    "doc_type": "10-Q",
    "revenues": 6480000,
    "op_income": 514000,
    "net_income": 427000,
    "eps_basic": 0.04,
    "eps_diluted": 0.04,
    "dividend": 0.11,
    "assets": 46803000,
    "cur_assets": 18850000,
    "cur_liab": 10506000,
    "cash": 3664000,
    "equity": 30797000,
    "cash_flow_op": -655000,
    "cash_flow_inv": "",
    "cash_flow_fin": -3996000
  },
  {
    "symbol": "EXAS",
    "end_date": "2016-03-31",
    "amend": "False",
    "period_focus": "Q1",
    "fiscal_year": 2016,
    "doc_type": "10-Q",
    "revenues": 14835000,
    "op_income": -47885000,
    "net_income": -47473000,
    "eps_basic": -0.49,
    "eps_diluted": -0.49,
    "dividend": 0,
    "assets": 323788000,
    "cur_assets": 284092000,
    "cur_liab": 24678000,
    "cash": 52151000,
    "equity": 288333000,
    "cash_flow_op": -42347000,
    "cash_flow_inv": 53173000,
    "cash_flow_fin": 247000
  },
  {
    "symbol": "NI",
    "end_date": "2016-03-31",
    "amend": "False",
    "period_focus": "Q1",
    "fiscal_year": 2016,
    "doc_type": "10-Q",
    "revenues": 1436600000,
    "op_income": 381400000,
    "net_income": 179700000,
    "eps_basic": 0.56,
    "eps_diluted": 0.56,
    "dividend": 0.31,
    "assets": 17471400000,
    "cur_assets": 1395400000,
    "cur_liab": 2495900000,
    "cash": 23700000,
    "equity": 3872300000,
    "cash_flow_op": 302900000,
    "cash_flow_inv": -315300000,
    "cash_flow_fin": 20600000
  },
  {
    "symbol": "NTI",
    "end_date": "2016-03-31",
    "amend": "False",
    "period_focus": "Q1",
    "fiscal_year": 2016,
    "doc_type": "10-Q",
    "revenues": 604400000,
    "op_income": 21800000,
    "net_income": 14700000,
    "eps_basic": 0.16,
    "eps_diluted": 0.16,
    "dividend": 0,
    "assets": 1149400000,
    "cur_assets": 508300000,
    "cur_liab": 369300000,
    "cash": 35000000,
    "equity": 376300000,
    "cash_flow_op": 5800000,
    "cash_flow_inv": -27900000,
    "cash_flow_fin": -13800000
  },
  {
    "symbol": "NWN",
    "end_date": "2016-03-31",
    "amend": "False",
    "period_focus": "Q1",
    "fiscal_year": 2016,
    "doc_type": "10-Q",
    "revenues": 255529000,
    "op_income": 74072000,
    "net_income": 36641000,
    "eps_basic": 1.33,
    "eps_diluted": 1.33,
    "dividend": 0.4675,
    "assets": 3002033000,
    "cur_assets": 272200000,
    "cur_liab": 362223000,
    "cash": 4321000,
    "equity": 806955000,
    "cash_flow_op": 146138000,
    "cash_flow_inv": -30030000,
    "cash_flow_fin": -115998000
  },
  {
    "symbol": "FARO",
    "end_date": "2016-03-31",
    "amend": "False",
    "period_focus": "Q1",
    "fiscal_year": 2016,
    "doc_type": "10-Q",
    "revenues": 75748000,
    "op_income": 4330000,
    "net_income": 3080000,
    "eps_basic": 0.19,
    "eps_diluted": 0.19,
    "dividend": 0,
    "assets": 418254000,
    "cur_assets": 299293000,
    "cur_liab": 58431000,
    "cash": 120278000,
    "equity": 339344000,
    "cash_flow_op": 13120000,
    "cash_flow_inv": -2379000,
    "cash_flow_fin": 515000
  },
  {
    "symbol": "OZM",
    "end_date": "2016-03-31",
    "amend": "False",
    "period_focus": "Q1",
    "fiscal_year": 2016,
    "doc_type": "10-Q",
    "revenues": 188442000,
    "op_income": "",
    "net_income": -69356000,
    "eps_basic": -0.38,
    "eps_diluted": -0.38,
    "dividend": 0,
    "assets": 1255312000,
    "cur_assets": "",
    "cur_liab": "",
    "cash": 228726000,
    "equity": -203300000,
    "cash_flow_op": -7562000,
    "cash_flow_inv": -13761000,
    "cash_flow_fin": -4021000
  },
  {
    "symbol": "OLIN",
    "end_date": "2016-03-31",
    "amend": "False",
    "period_focus": "Q1",
    "fiscal_year": 2016,
    "doc_type": "10-Q",
    "revenues": 1348200000,
    "op_income": -7400000,
    "net_income": -37900000,
    "eps_basic": -0.23,
    "eps_diluted": -0.23,
    "dividend": 0.2,
    "assets": 9116900000,
    "cur_assets": 1877400000,
    "cur_liab": 1049600000,
    "cash": 315600000,
    "equity": 2372800000,
    "cash_flow_op": 47000000,
    "cash_flow_inv": -73800000,
    "cash_flow_fin": -50100000
  },
  {
    "symbol": "OGS",
    "end_date": "2016-03-31",
    "amend": "False",
    "period_focus": "Q1",
    "fiscal_year": 2016,
    "doc_type": "10-Q",
    "revenues": 508364000,
    "op_income": 116073000,
    "net_income": 64743000,
    "eps_basic": 1.23,
    "eps_diluted": 1.22,
    "dividend": 0.35,
    "assets": 4598104000,
    "cur_assets": 417611000,
    "cur_liab": 228593000,
    "cash": 52657000,
    "equity": 1867187000,
    "cash_flow_op": 180039000,
    "cash_flow_inv": -74869000,
    "cash_flow_fin": -54946000
  },
  {
    "symbol": "OB",
    "end_date": "2016-03-31",
    "amend": "False",
    "period_focus": "Q1",
    "fiscal_year": 2016,
    "doc_type": "10-Q",
    "revenues": 310500000,
    "op_income": "",
    "net_income": 46400000,
    "eps_basic": 0.49,
    "eps_diluted": 0.49,
    "dividend": 0.21,
    "assets": 3529000000,
    "cur_assets": "",
    "cur_liab": "",
    "cash": 108800000,
    "equity": 1019800000,
    "cash_flow_op": -23500000,
    "cash_flow_inv": 68900000,
    "cash_flow_fin": -31800000
  },
  {
    "symbol": "P",
    "end_date": "2016-03-31",
    "amend": "False",
    "period_focus": "Q1",
    "fiscal_year": 2016,
    "doc_type": "10-Q",
    "revenues": 297305000,
    "op_income": -109368000,
    "net_income": -115102000,
    "eps_basic": -0.51,
    "eps_diluted": -0.51,
    "dividend": 0,
    "assets": 1192341000,
    "cur_assets": 635201000,
    "cur_liab": 251412000,
    "cash": 303454000,
    "equity": 670397000,
    "cash_flow_op": -13104000,
    "cash_flow_inv": -18885000,
    "cash_flow_fin": 913000
  },
  {
    "symbol": "FMER",
    "end_date": "2016-03-31",
    "amend": "False",
    "period_focus": "Q1",
    "fiscal_year": 2016,
    "doc_type": "10-Q",
    "revenues": 268082000,
    "op_income": "",
    "net_income": 52280000,
    "eps_basic": 0.32,
    "eps_diluted": 0.31,
    "dividend": 0.17,
    "assets": 26062649000,
    "cur_assets": "",
    "cur_liab": "",
    "cash": 331049000,
    "equity": 2997957000,
    "cash_flow_op": 35748000,
    "cash_flow_inv": -183668000,
    "cash_flow_fin": 444000000
  },
  {
    "symbol": "FMI",
    "end_date": "2016-03-31",
    "amend": "False",
    "period_focus": "Q1",
    "fiscal_year": 2016,
    "doc_type": "10-Q",
    "revenues": 30378000,
    "op_income": -17485000,
    "net_income": -17307000,
    "eps_basic": -0.5,
    "eps_diluted": -0.5,
    "dividend": 0,
    "assets": 280553000,
    "cur_assets": 235899000,
    "cur_liab": 27019000,
    "cash": 86058000,
    "equity": 243733000,
    "cash_flow_op": -9973000,
    "cash_flow_inv": -21875000,
    "cash_flow_fin": 143000
  },
  {
    "symbol": "RAIL",
    "end_date": "2016-03-31",
    "amend": "False",
    "period_focus": "Q1",
    "fiscal_year": 2016,
    "doc_type": "10-Q",
    "revenues": 148590000,
    "op_income": 19595000,
    "net_income": 12667000,
    "eps_basic": 1.03,
    "eps_diluted": 1.03,
    "dividend": 0.09,
    "assets": 376401000,
    "cur_assets": 272172000,
    "cur_liab": 84507000,
    "cash": 70223000,
    "equity": 259879000,
    "cash_flow_op": -16945000,
    "cash_flow_inv": 5281000,
    "cash_flow_fin": -1181000
  },
  {
    "symbol": "PDM",
    "end_date": "2016-03-31",
    "amend": "False",
    "period_focus": "Q1",
    "fiscal_year": 2016,
    "doc_type": "10-Q",
    "revenues": 138012000,
    "op_income": 26372000,
    "net_income": 10372000,
    "eps_basic": 0.07,
    "eps_diluted": 0.07,
    "dividend": 0.21,
    "assets": 4355017000,
    "cur_assets": "",
    "cur_liab": "",
    "cash": 4732000,
    "equity": 2159663000,
    "cash_flow_op": 49708000,
    "cash_flow_inv": 16003000,
    "cash_flow_fin": -66420000
  },
  {
    "symbol": "GNMK",
    "end_date": "2016-03-31",
    "amend": "False",
    "period_focus": "Q1",
    "fiscal_year": 2016,
    "doc_type": "10-Q",
    "revenues": 11064000,
    "op_income": -12708000,
    "net_income": -12958000,
    "eps_basic": -0.3,
    "eps_diluted": -0.3,
    "dividend": 0,
    "assets": 61408000,
    "cur_assets": 46485000,
    "cur_liab": 11526000,
    "cash": 27913000,
    "equity": 38720000,
    "cash_flow_op": -6043000,
    "cash_flow_inv": -1766000,
    "cash_flow_fin": 330000
  },
  {
    "symbol": "PNM",
    "end_date": "2016-03-31",
    "amend": "False",
    "period_focus": "Q1",
    "fiscal_year": 2016,
    "doc_type": "10-Q",
    "revenues": 310961000,
    "op_income": 41508000,
    "net_income": 10546000,
    "eps_basic": 0.13,
    "eps_diluted": 0.13,
    "dividend": 0.22,
    "assets": 6273812000,
    "cur_assets": 356961000,
    "cur_liab": 771565000,
    "cash": 3870000,
    "equity": 1711057000,
    "cash_flow_op": 90598000,
    "cash_flow_inv": -393518000,
    "cash_flow_fin": 260739000
  },
  {
    "symbol": "PRO",
    "end_date": "2016-03-31",
    "amend": "False",
    "period_focus": "Q1",
    "fiscal_year": 2016,
    "doc_type": "10-Q",
    "revenues": 37928000,
    "op_income": -17974000,
    "net_income": -20477000,
    "eps_basic": -0.68,
    "eps_diluted": -0.68,
    "dividend": 0,
    "assets": 250383000,
    "cur_assets": 197839000,
    "cur_liab": 91641000,
    "cash": 118700000,
    "equity": 36755000,
    "cash_flow_op": -2764000,
    "cash_flow_inv": -35968000,
    "cash_flow_fin": -4365000
  },
  {
    "symbol": "LAND",
    "end_date": "2016-03-31",
    "amend": "False",
    "period_focus": "Q1",
    "fiscal_year": 2016,
    "doc_type": "10-Q",
    "revenues": 3682677,
    "op_income": 1400200,
    "net_income": 234416,
    "eps_basic": 0.02,
    "eps_diluted": 0.02,
    "dividend": 0.12,
    "assets": 256970629,
    "cur_assets": "",
    "cur_liab": "",
    "cash": 2193360,
    "equity": 83440207,
    "cash_flow_op": 4233768,
    "cash_flow_inv": -21149732,
    "cash_flow_fin": 16576802
  },
  {
    "symbol": "PEG",
    "end_date": "2016-03-31",
    "amend": "False",
    "period_focus": "Q1",
    "fiscal_year": 2016,
    "doc_type": "10-Q",
    "revenues": 2616000000,
    "op_income": 827000000,
    "net_income": 471000000,
    "eps_basic": 0.93,
    "eps_diluted": 0.93,
    "dividend": 0.41,
    "assets": 38126000000,
    "cur_assets": 3263000000,
    "cur_liab": 2942000000,
    "cash": 592000000,
    "equity": 13319000000,
    "cash_flow_op": 1214000000,
    "cash_flow_inv": -1081000000,
    "cash_flow_fin": 65000000
  },
  {
    "symbol": "Q",
    "end_date": "2016-03-31",
    "amend": "False",
    "period_focus": "Q1",
    "fiscal_year": 2016,
    "doc_type": "10-Q",
    "revenues": 1490085000,
    "op_income": 178796000,
    "net_income": 106668000,
    "eps_basic": 0.89,
    "eps_diluted": 0.88,
    "dividend": 0,
    "assets": 3982939000,
    "cur_assets": 2437156000,
    "cur_liab": 1578138000,
    "cash": 1053212000,
    "equity": -205941000,
    "cash_flow_op": 112114000,
    "cash_flow_inv": -43472000,
    "cash_flow_fin": -4990000
  },
  {
    "symbol": "GLRE",
    "end_date": "2016-03-31",
    "amend": "False",
    "period_focus": "Q1",
    "fiscal_year": 2016,
    "doc_type": "10-Q",
    "revenues": 166276000,
    "op_income": "",
    "net_income": 28669000,
    "eps_basic": 0.77,
    "eps_diluted": 0.77,
    "dividend": 0,
    "assets": 2929828000,
    "cur_assets": "",
    "cur_liab": "",
    "cash": 196134000,
    "equity": 878975000,
    "cash_flow_op": -8244000,
    "cash_flow_inv": 92216000,
    "cash_flow_fin": ""
  },
  {
    "symbol": "GLDD",
    "end_date": "2016-03-31",
    "amend": "False",
    "period_focus": "Q1",
    "fiscal_year": 2016,
    "doc_type": "10-Q",
    "revenues": 163119000,
    "op_income": -89000,
    "net_income": -4035000,
    "eps_basic": -0.07,
    "eps_diluted": -0.07,
    "dividend": 0,
    "assets": 872502000,
    "cur_assets": 298497000,
    "cur_liab": 171783000,
    "cash": 15894000,
    "equity": 249889000,
    "cash_flow_op": 2960000,
    "cash_flow_inv": -14892000,
    "cash_flow_fin": 13533000
  },
  {
    "symbol": "RYAM",
    "end_date": "2016-03-26",
    "amend": "False",
    "period_focus": "Q1",
    "fiscal_year": 2016,
    "doc_type": "10-Q",
    "revenues": 217729000,
    "op_income": 31920000,
    "net_income": 20893000,
    "eps_basic": 0.5,
    "eps_diluted": 0.49,
    "dividend": 0.07,
    "assets": 1233832000,
    "cur_assets": 304904000,
    "cur_liab": 122488000,
    "cash": 110070000,
    "equity": 2901000,
    "cash_flow_op": 73970000,
    "cash_flow_inv": -20390000,
    "cash_flow_fin": -44813000
  },
  {
    "symbol": "RS",
    "end_date": "2016-03-31",
    "amend": "False",
    "period_focus": "Q1",
    "fiscal_year": 2016,
    "doc_type": "10-Q",
    "revenues": 2162700000,
    "op_income": 129800000,
    "net_income": 92200000,
    "eps_basic": 1.28,
    "eps_diluted": 1.27,
    "dividend": 0.4,
    "assets": 7519500000,
    "cur_assets": 2739900000,
    "cur_liab": 1071400000,
    "cash": 120500000,
    "equity": 4040400000,
    "cash_flow_op": 155400000,
    "cash_flow_inv": -331500000,
    "cash_flow_fin": 189700000
  },
  {
    "symbol": "RPAI",
    "end_date": "2016-03-31",
    "amend": "False",
    "period_focus": "Q1",
    "fiscal_year": 2016,
    "doc_type": "10-Q",
    "revenues": 148639000,
    "op_income": 38673000,
    "net_income": 45064000,
    "eps_basic": 0.19,
    "eps_diluted": 0.19,
    "dividend": 0.165625,
    "assets": 4687810000,
    "cur_assets": "",
    "cur_liab": "",
    "cash": 100588000,
    "equity": 2161418000,
    "cash_flow_op": 53253000,
    "cash_flow_inv": -131748000,
    "cash_flow_fin": 127659000
  },
  {
    "symbol": "HSTM",
    "end_date": "2016-03-31",
    "amend": "False",
    "period_focus": "Q1",
    "fiscal_year": 2016,
    "doc_type": "10-Q",
    "revenues": 54078000,
    "op_income": 2487000,
    "net_income": 1501000,
    "eps_basic": 0.05,
    "eps_diluted": 0.05,
    "dividend": 0,
    "assets": 375793000,
    "cur_assets": 205722000,
    "cur_liab": 83634000,
    "cash": 82793000,
    "equity": 282144000,
    "cash_flow_op": 5712000,
    "cash_flow_inv": -4696000,
    "cash_flow_fin": -233000
  },
  {
    "symbol": "ROG",
    "end_date": "2016-03-31",
    "amend": "False",
    "period_focus": "Q1",
    "fiscal_year": 2016,
    "doc_type": "10-Q",
    "revenues": 160566000,
    "op_income": 24099000,
    "net_income": 14928000,
    "eps_basic": 0.83,
    "eps_diluted": 0.82,
    "dividend": 0,
    "assets": 962385000,
    "cur_assets": 450318000,
    "cur_liab": 84235000,
    "cash": 229203000,
    "equity": 610288000,
    "cash_flow_op": 26187000,
    "cash_flow_inv": -4813000,
    "cash_flow_fin": -2938000
  },
  {
    "symbol": "RES",
    "end_date": "2016-03-31",
    "amend": "False",
    "period_focus": "Q1",
    "fiscal_year": 2016,
    "doc_type": "10-Q",
    "revenues": 189095000,
    "op_income": -75087000,
    "net_income": -32511000,
    "eps_basic": -0.15,
    "eps_diluted": -0.15,
    "dividend": 0,
    "assets": 1155196000,
    "cur_assets": 463462000,
    "cur_liab": 81901000,
    "cash": 108309000,
    "equity": 919823000,
    "cash_flow_op": 53472000,
    "cash_flow_inv": -7571000,
    "cash_flow_fin": -2788000
  },
  {
    "symbol": "RSPP",
    "end_date": "2016-03-31",
    "amend": "False",
    "period_focus": "Q1",
    "fiscal_year": 2016,
    "doc_type": "10-Q",
    "revenues": 55815000,
    "op_income": -14342000,
    "net_income": -17416000,
    "eps_basic": -0.17,
    "eps_diluted": -0.17,
    "dividend": 0,
    "assets": 2942494000,
    "cur_assets": 109574000,
    "cur_liab": 75792000,
    "cash": 73624000,
    "equity": 1842681000,
    "cash_flow_op": 26033000,
    "cash_flow_inv": -93569000,
    "cash_flow_fin": -1581000
  },
  {
    "symbol": "RKUS",
    "end_date": "2016-03-31",
    "amend": "False",
    "period_focus": "Q1",
    "fiscal_year": 2016,
    "doc_type": "10-Q",
    "revenues": 100573000,
    "op_income": -1770000,
    "net_income": -925000,
    "eps_basic": -0.01,
    "eps_diluted": -0.01,
    "dividend": 0,
    "assets": 423213000,
    "cur_assets": 346800000,
    "cur_liab": 83469000,
    "cash": 59714000,
    "equity": 321513000,
    "cash_flow_op": -2899000,
    "cash_flow_inv": -9574000,
    "cash_flow_fin": 2500000
  },
  {
    "symbol": "RTEC",
    "end_date": "2016-03-31",
    "amend": "False",
    "period_focus": "Q1",
    "fiscal_year": 2016,
    "doc_type": "10-Q",
    "revenues": 54362000,
    "op_income": 21137000,
    "net_income": 13939000,
    "eps_basic": 0.45,
    "eps_diluted": 0.44,
    "dividend": 0,
    "assets": 392709000,
    "cur_assets": 308650000,
    "cur_liab": 101929000,
    "cash": 38186000,
    "equity": 280511000,
    "cash_flow_op": -6323000,
    "cash_flow_inv": 5295000,
    "cash_flow_fin": -5899000
  },
  {
    "symbol": "HSIC",
    "end_date": "2016-03-26",
    "amend": "False",
    "period_focus": "Q1",
    "fiscal_year": 2016,
    "doc_type": "10-Q",
    "revenues": 2712956000,
    "op_income": 176194000,
    "net_income": 113752000,
    "eps_basic": 1.39,
    "eps_diluted": 1.37,
    "dividend": 0,
    "assets": 6600570000,
    "cur_assets": 3271003000,
    "cur_liab": 1987504000,
    "cash": 71614000,
    "equity": 2916234000,
    "cash_flow_op": -101512000,
    "cash_flow_inv": -70996000,
    "cash_flow_fin": 169093000
  },
  {
    "symbol": "HFWA",
    "end_date": "2016-03-31",
    "amend": "False",
    "period_focus": "Q1",
    "fiscal_year": 2016,
    "doc_type": "10-Q",
    "revenues": 41225000,
    "op_income": "",
    "net_income": 9091000,
    "eps_basic": 0.3,
    "eps_diluted": 0.3,
    "dividend": 0.11,
    "assets": 3678032000,
    "cur_assets": "",
    "cur_liab": "",
    "cash": 61508000,
    "equity": 480181000,
    "cash_flow_op": 13068000,
    "cash_flow_inv": -60423000,
    "cash_flow_fin": 14734000
  },
  {
    "symbol": "HMHC",
    "end_date": "2016-03-31",
    "amend": "False",
    "period_focus": "Q1",
    "fiscal_year": 2016,
    "doc_type": "10-Q",
    "revenues": 205816000,
    "op_income": -122204000,
    "net_income": -165148000,
    "eps_basic": -1.34,
    "eps_diluted": -1.34,
    "dividend": 0,
    "assets": 2894501000,
    "cur_assets": 667249000,
    "cur_liab": 453762000,
    "cash": 168883000,
    "equity": 1006488000,
    "cash_flow_op": -112750000,
    "cash_flow_inv": 72718000,
    "cash_flow_fin": -25342000
  },
  {
    "symbol": "SEE",
    "end_date": "2016-03-31",
    "amend": "False",
    "period_focus": "Q1",
    "fiscal_year": 2016,
    "doc_type": "10-Q",
    "revenues": 1590600000,
    "op_income": 171600000,
    "net_income": 91300000,
    "eps_basic": 0.47,
    "eps_diluted": 0.46,
    "dividend": 0,
    "assets": 7539300000,
    "cur_assets": 2319100000,
    "cur_liab": 1899900000,
    "cash": 315700000,
    "equity": 561100000,
    "cash_flow_op": 4000000,
    "cash_flow_inv": -68700000,
    "cash_flow_fin": 32900000
  },
  {
    "symbol": "HBP",
    "end_date": "2016-03-31",
    "amend": "False",
    "period_focus": "Q1",
    "fiscal_year": 2016,
    "doc_type": "10-Q",
    "revenues": 158800000,
    "op_income": 3100000,
    "net_income": 1400000,
    "eps_basic": 0.06,
    "eps_diluted": 0.06,
    "dividend": 0,
    "assets": 208600000,
    "cur_assets": 159600000,
    "cur_liab": 82200000,
    "cash": 2800000,
    "equity": 54300000,
    "cash_flow_op": -12800000,
    "cash_flow_inv": -600000,
    "cash_flow_fin": 15900000
  },
  {
    "symbol": "INCR",
    "end_date": "2016-03-31",
    "amend": "False",
    "period_focus": "Q1",
    "fiscal_year": 2016,
    "doc_type": "10-Q",
    "revenues": 413087000,
    "op_income": 32508000,
    "net_income": 17405000,
    "eps_basic": 0.32,
    "eps_diluted": 0.31,
    "dividend": 0,
    "assets": 1228342000,
    "cur_assets": 450078000,
    "cur_liab": 472884000,
    "cash": 53181000,
    "equity": 252057000,
    "cash_flow_op": -646000,
    "cash_flow_inv": -4774000,
    "cash_flow_fin": -26452000
  },
  {
    "symbol": "IBCP",
    "end_date": "2016-03-31",
    "amend": "False",
    "period_focus": "Q1",
    "fiscal_year": 2016,
    "doc_type": "10-Q",
    "revenues": 29163000,
    "op_income": "",
    "net_income": 4100000,
    "eps_basic": 0.19,
    "eps_diluted": 0.19,
    "dividend": 0.08,
    "assets": 2487120000,
    "cur_assets": "",
    "cur_liab": "",
    "cash": 41790000,
    "equity": 239545000,
    "cash_flow_op": 5033000,
    "cash_flow_inv": 1995000,
    "cash_flow_fin": 51898000
  },
  {
    "symbol": "SSTK",
    "end_date": "2016-03-31",
    "amend": "False",
    "period_focus": "Q1",
    "fiscal_year": 2016,
    "doc_type": "10-Q",
    "revenues": 116652000,
    "op_income": 10822000,
    "net_income": 6133000,
    "eps_basic": 0.17,
    "eps_diluted": 0.17,
    "dividend": 0,
    "assets": 469323000,
    "cur_assets": 329269000,
    "cur_liab": 170425000,
    "cash": 220563000,
    "equity": 277152000,
    "cash_flow_op": 22961000,
    "cash_flow_inv": -17067000,
    "cash_flow_fin": -27630000
  },
  {
    "symbol": "SJW",
    "end_date": "2016-03-31",
    "amend": "False",
    "period_focus": "Q1",
    "fiscal_year": 2016,
    "doc_type": "10-Q",
    "revenues": 61112000,
    "op_income": 10581000,
    "net_income": 3378000,
    "eps_basic": 0.17,
    "eps_diluted": 0.16,
    "dividend": 0.2,
    "assets": 1355576000,
    "cur_assets": 62626000,
    "cur_liab": 97815000,
    "cash": 8692000,
    "equity": 384199000,
    "cash_flow_op": 32087000,
    "cash_flow_inv": -34486000,
    "cash_flow_fin": 5852000
  },
  {
    "symbol": "SFS",
    "end_date": "2016-03-27",
    "amend": "False",
    "period_focus": "Q1",
    "fiscal_year": 2016,
    "doc_type": "10-Q",
    "revenues": 908453000,
    "op_income": 3269000,
    "net_income": -2018000,
    "eps_basic": -0.03,
    "eps_diluted": -0.03,
    "dividend": 0,
    "assets": 1851978000,
    "cur_assets": 379723000,
    "cur_liab": 342889000,
    "cash": 63073000,
    "equity": 562701000,
    "cash_flow_op": 11872000,
    "cash_flow_inv": -30537000,
    "cash_flow_fin": 22411000
  },
  {
    "symbol": "SCCO",
    "end_date": "2016-03-31",
    "amend": "False",
    "period_focus": "Q1",
    "fiscal_year": 2016,
    "doc_type": "10-Q",
    "revenues": 1245100000,
    "op_income": 346200000,
    "net_income": 185100000,
    "eps_basic": 0.24,
    "eps_diluted": 0.24,
    "dividend": 0.03,
    "assets": 12807700000,
    "cur_assets": 2459000000,
    "cur_liab": 982700000,
    "cash": 376000000,
    "equity": 5408200000,
    "cash_flow_op": 64100000,
    "cash_flow_inv": 98300000,
    "cash_flow_fin": -76900000
  },
  {
    "symbol": "SPA",
    "end_date": "2016-03-27",
    "amend": "False",
    "period_focus": "Q3",
    "fiscal_year": 2016,
    "doc_type": "10-Q",
    "revenues": 102175000,
    "op_income": 2676000,
    "net_income": 1127000,
    "eps_basic": 0.12,
    "eps_diluted": 0.12,
    "dividend": 0,
    "assets": 313381000,
    "cur_assets": 154735000,
    "cur_liab": 61816000,
    "cash": 834000,
    "equity": 120748000,
    "cash_flow_op": 21308000,
    "cash_flow_inv": -4256000,
    "cash_flow_fin": -31132000
  },
  {
    "symbol": "INTC",
    "end_date": "2016-04-02",
    "amend": "False",
    "period_focus": "Q1",
    "fiscal_year": 2016,
    "doc_type": "10-Q",
    "revenues": 13702000000,
    "op_income": 2568000000,
    "net_income": 2046000000,
    "eps_basic": 0.43,
    "eps_diluted": 0.42,
    "dividend": 0.52,
    "assets": 105467000000,
    "cur_assets": 27397000000,
    "cur_liab": 17526000000,
    "cash": 3061000000,
    "equity": 61174000000,
    "cash_flow_op": 4055000000,
    "cash_flow_inv": -15520000000,
    "cash_flow_fin": -782000000
  },
  {
    "symbol": "STAG",
    "end_date": "2016-03-31",
    "amend": "False",
    "period_focus": "Q1",
    "fiscal_year": 2016,
    "doc_type": "10-Q",
    "revenues": 60872000,
    "op_income": "",
    "net_income": 8334000,
    "eps_basic": 0.12,
    "eps_diluted": 0.12,
    "dividend": 0.694998,
    "assets": 1897946000,
    "cur_assets": "",
    "cur_liab": "",
    "cash": 15469000,
    "equity": 903510000,
    "cash_flow_op": 24087000,
    "cash_flow_inv": 600000,
    "cash_flow_fin": -21229000
  },
  {
    "symbol": "SGU",
    "end_date": "2016-03-31",
    "amend": "False",
    "period_focus": "Q2",
    "fiscal_year": 2016,
    "doc_type": "10-Q",
    "revenues": 462025000,
    "op_income": 96319000,
    "net_income": 55209000,
    "eps_basic": 0.79,
    "eps_diluted": "",
    "dividend": 0,
    "assets": 794021000,
    "cur_assets": 396171000,
    "cur_liab": 304613000,
    "cash": 146614000,
    "equity": "",
    "cash_flow_op": 74235000,
    "cash_flow_inv": -12843000,
    "cash_flow_fin": -15286000
  },
  {
    "symbol": "SXI",
    "end_date": "2016-03-31",
    "amend": "False",
    "period_focus": "Q3",
    "fiscal_year": 2016,
    "doc_type": "10-Q",
    "revenues": 177465000,
    "op_income": 17160000,
    "net_income": 11516000,
    "eps_basic": 0.91,
    "eps_diluted": 0.91,
    "dividend": 0.14,
    "assets": 677606000,
    "cur_assets": 346348000,
    "cur_liab": 117937000,
    "cash": 113401000,
    "equity": 382300000,
    "cash_flow_op": 46548000,
    "cash_flow_inv": -24319000,
    "cash_flow_fin": -2627000
  },
  {
    "symbol": "HOT",
    "end_date": "2016-03-31",
    "amend": "False",
    "period_focus": "Q1",
    "fiscal_year": 2016,
    "doc_type": "10-Q",
    "revenues": 1404000000,
    "op_income": 152000000,
    "net_income": 90000000,
    "eps_basic": 0.54,
    "eps_diluted": 0.53,
    "dividend": 0.375,
    "assets": 8444000000,
    "cur_assets": 2480000000,
    "cur_liab": 2230000000,
    "cash": 1180000000,
    "equity": 1347000000,
    "cash_flow_op": 48000000,
    "cash_flow_inv": 18000000,
    "cash_flow_fin": 61000000
  },
  {
    "symbol": "IVAC",
    "end_date": "2016-04-02",
    "amend": "False",
    "period_focus": "Q1",
    "fiscal_year": 2016,
    "doc_type": "10-Q",
    "revenues": 13664000,
    "op_income": -6316000,
    "net_income": -6305000,
    "eps_basic": -0.31,
    "eps_diluted": -0.31,
    "dividend": 0,
    "assets": 89021000,
    "cur_assets": 63712000,
    "cur_liab": 14864000,
    "cash": 21800000,
    "equity": 71772000,
    "cash_flow_op": -2670000,
    "cash_flow_inv": 9946000,
    "cash_flow_fin": 711000
  },
  {
    "symbol": "SNAK",
    "end_date": "2016-03-26",
    "amend": "False",
    "period_focus": "Q1",
    "fiscal_year": 2016,
    "doc_type": "10-Q",
    "revenues": 69855000,
    "op_income": 708000,
    "net_income": -1018000,
    "eps_basic": -0.05,
    "eps_diluted": -0.05,
    "dividend": 0,
    "assets": 204298000,
    "cur_assets": 100406000,
    "cur_liab": 38287000,
    "cash": 639000,
    "equity": 51688000,
    "cash_flow_op": 2229000,
    "cash_flow_inv": -4473000,
    "cash_flow_fin": 564000
  },
  {
    "symbol": "RGR",
    "end_date": "2016-04-02",
    "amend": "False",
    "period_focus": "Q1",
    "fiscal_year": 2016,
    "doc_type": "10-Q",
    "revenues": 173109000,
    "op_income": 36201000,
    "net_income": 23278000,
    "eps_basic": 1.23,
    "eps_diluted": 1.21,
    "dividend": 0.35,
    "assets": 325423000,
    "cur_assets": 200966000,
    "cur_liab": 77038000,
    "cash": 80463000,
    "equity": 239748000,
    "cash_flow_op": 29429000,
    "cash_flow_inv": -6346000,
    "cash_flow_fin": -11845000
  },
  {
    "symbol": "SCNB",
    "end_date": "2016-03-31",
    "amend": "False",
    "period_focus": "Q1",
    "fiscal_year": 2016,
    "doc_type": "10-Q",
    "revenues": 21319000,
    "op_income": "",
    "net_income": 4838000,
    "eps_basic": 0.41,
    "eps_diluted": 0.41,
    "dividend": 0.1,
    "assets": 2256386000,
    "cur_assets": "",
    "cur_liab": "",
    "cash": 117186000,
    "equity": 203717000,
    "cash_flow_op": 2715000,
    "cash_flow_inv": -67815000,
    "cash_flow_fin": 84200000
  },
  {
    "symbol": "INN",
    "end_date": "2016-03-31",
    "amend": "False",
    "period_focus": "Q1",
    "fiscal_year": 2016,
    "doc_type": "10-Q",
    "revenues": 118082000,
    "op_income": 20668000,
    "net_income": 44338000,
    "eps_basic": 0.51,
    "eps_diluted": 0.51,
    "dividend": 0,
    "assets": 1637437000,
    "cur_assets": "",
    "cur_liab": "",
    "cash": 33972000,
    "equity": 890802000,
    "cash_flow_op": 24540000,
    "cash_flow_inv": -29892000,
    "cash_flow_fin": 9998000
  },
  {
    "symbol": "SHO",
    "end_date": "2016-03-31",
    "amend": "False",
    "period_focus": "Q1",
    "fiscal_year": 2016,
    "doc_type": "10-Q",
    "revenues": 274292000,
    "op_income": 21079000,
    "net_income": -3200000,
    "eps_basic": -0.02,
    "eps_diluted": -0.02,
    "dividend": 0.05,
    "assets": 3781790000,
    "cur_assets": 525427000,
    "cur_liab": 266463000,
    "cash": 396669000,
    "equity": 2529310000,
    "cash_flow_op": 43091000,
    "cash_flow_inv": -49120000,
    "cash_flow_fin": -96369000
  },
  {
    "symbol": "SWFT",
    "end_date": "2016-03-31",
    "amend": "False",
    "period_focus": "Q1",
    "fiscal_year": 2016,
    "doc_type": "10-Q",
    "revenues": 967823000,
    "op_income": 52483000,
    "net_income": 31905000,
    "eps_basic": 0.23,
    "eps_diluted": 0.23,
    "dividend": 0,
    "assets": 2867501000,
    "cur_assets": 727912000,
    "cur_liab": 374750000,
    "cash": 142724000,
    "equity": 606937000,
    "cash_flow_op": 131731000,
    "cash_flow_inv": -2550000,
    "cash_flow_fin": -94047000
  },
  {
    "symbol": "SYY",
    "end_date": "2016-03-26",
    "amend": "False",
    "period_focus": "Q3",
    "fiscal_year": 2016,
    "doc_type": "10-Q",
    "revenues": 12002791000,
    "op_income": 377618000,
    "net_income": 217136000,
    "eps_basic": 0.38,
    "eps_diluted": 0.38,
    "dividend": 0.31,
    "assets": 13351094000,
    "cur_assets": 6960033000,
    "cur_liab": 4112072000,
    "cash": 610838000,
    "equity": 3969431000,
    "cash_flow_op": 988981000,
    "cash_flow_inv": -382335000,
    "cash_flow_fin": -5099743000
  },
  {
    "symbol": "TCO",
    "end_date": "2016-03-31",
    "amend": "False",
    "period_focus": "Q1",
    "fiscal_year": 2016,
    "doc_type": "10-Q",
    "revenues": 139455000,
    "op_income": "",
    "net_income": 24613000,
    "eps_basic": 0.41,
    "eps_diluted": 0.41,
    "dividend": 0.595,
    "assets": 3729381000,
    "cur_assets": "",
    "cur_liab": "",
    "cash": 172918000,
    "equity": 95422000,
    "cash_flow_op": 63380000,
    "cash_flow_inv": -249311000,
    "cash_flow_fin": 152214000
  },
  {
    "symbol": "THC",
    "end_date": "2016-03-31",
    "amend": "False",
    "period_focus": "Q1",
    "fiscal_year": 2016,
    "doc_type": "10-Q",
    "revenues": 5420000000,
    "op_income": 347000000,
    "net_income": -59000000,
    "eps_basic": -0.6,
    "eps_diluted": -0.6,
    "dividend": 0,
    "assets": 23766000000,
    "cur_assets": 5129000000,
    "cur_liab": 4268000000,
    "cash": 728000000,
    "equity": 926000000,
    "cash_flow_op": 147000000,
    "cash_flow_inv": 320000000,
    "cash_flow_fin": -95000000
  },
  {
    "symbol": "JBLU",
    "end_date": "2016-03-31",
    "amend": "False",
    "period_focus": "Q1",
    "fiscal_year": 2016,
    "doc_type": "10-Q",
    "revenues": 1616000000,
    "op_income": 349000000,
    "net_income": 199000000,
    "eps_basic": 0.62,
    "eps_diluted": 0.59,
    "dividend": 0,
    "assets": 9062000000,
    "cur_assets": 1774000000,
    "cur_liab": 2474000000,
    "cash": 757000000,
    "equity": 3414000000,
    "cash_flow_op": 585000000,
    "cash_flow_inv": -90000000,
    "cash_flow_fin": -56000000
  },
  {
    "symbol": "KTWO",
    "end_date": "2016-03-31",
    "amend": "False",
    "period_focus": "Q1",
    "fiscal_year": 2016,
    "doc_type": "10-Q",
    "revenues": 56306000,
    "op_income": -9929000,
    "net_income": -10185000,
    "eps_basic": -0.25,
    "eps_diluted": -0.25,
    "dividend": 0,
    "assets": 366600000,
    "cur_assets": 138153000,
    "cur_liab": 43059000,
    "cash": 21177000,
    "equity": 278182000,
    "cash_flow_op": -11437000,
    "cash_flow_inv": -7429000,
    "cash_flow_fin": 5365000
  },
  {
    "symbol": "TVE",
    "end_date": "2016-03-31",
    "amend": "False",
    "period_focus": "Q2",
    "fiscal_year": 2016,
    "doc_type": "10-Q",
    "revenues": 2571000000,
    "op_income": 589000000,
    "net_income": 318000000,
    "eps_basic": "",
    "eps_diluted": "",
    "dividend": 0,
    "assets": 49116000000,
    "cur_assets": 3247000000,
    "cur_liab": 4619000000,
    "cash": 301000000,
    "equity": "",
    "cash_flow_op": 1330000000,
    "cash_flow_inv": -1613000000,
    "cash_flow_fin": 284000000
  },
  {
    "symbol": "TRNO",
    "end_date": "2016-03-31",
    "amend": "False",
    "period_focus": "Q1",
    "fiscal_year": 2016,
    "doc_type": "10-Q",
    "revenues": 25657000,
    "op_income": "",
    "net_income": 6542000,
    "eps_basic": 0.18,
    "eps_diluted": 0.18,
    "dividend": 0.18,
    "assets": 1150872000,
    "cur_assets": "",
    "cur_liab": "",
    "cash": 3580000,
    "equity": 734605000,
    "cash_flow_op": 8567000,
    "cash_flow_inv": -16854000,
    "cash_flow_fin": -10583000
  },
  {
    "symbol": "RUBI",
    "end_date": "2016-03-31",
    "amend": "False",
    "period_focus": "Q1",
    "fiscal_year": 2016,
    "doc_type": "10-Q",
    "revenues": 69232000,
    "op_income": -1877000,
    "net_income": 2284000,
    "eps_basic": 0.05,
    "eps_diluted": 0.05,
    "dividend": 0,
    "assets": 486949000,
    "cur_assets": 325028000,
    "cur_liab": 187243000,
    "cash": 136567000,
    "equity": 295791000,
    "cash_flow_op": 10668000,
    "cash_flow_inv": 2651000,
    "cash_flow_fin": 6718000
  },
  {
    "symbol": "FSTR",
    "end_date": "2016-03-31",
    "amend": "False",
    "period_focus": "Q1",
    "fiscal_year": 2016,
    "doc_type": "10-Q",
    "revenues": 126310000,
    "op_income": -738000,
    "net_income": -2832000,
    "eps_basic": -0.28,
    "eps_diluted": -0.28,
    "dividend": 0.04,
    "assets": 558105000,
    "cur_assets": 210818000,
    "cur_liab": 82028000,
    "cash": 30883000,
    "equity": 278851000,
    "cash_flow_op": -5107000,
    "cash_flow_inv": -3603000,
    "cash_flow_fin": 5504000
  },
  {
    "symbol": "LANC",
    "end_date": "2016-03-31",
    "amend": "False",
    "period_focus": "Q3",
    "fiscal_year": 2016,
    "doc_type": "10-Q",
    "revenues": 287765000,
    "op_income": 43944000,
    "net_income": 29011000,
    "eps_basic": 1.06,
    "eps_diluted": 1.06,
    "dividend": 0.5,
    "assets": 615384000,
    "cur_assets": 250044000,
    "cur_liab": 71765000,
    "cash": 94427000,
    "equity": 498491000,
    "cash_flow_op": 100571000,
    "cash_flow_inv": -12091000,
    "cash_flow_fin": -176255000
  },
  {
    "symbol": "LNTH",
    "end_date": "2016-03-31",
    "amend": "False",
    "period_focus": "Q1",
    "fiscal_year": 2016,
    "doc_type": "10-Q",
    "revenues": 76474000,
    "op_income": 17673000,
    "net_income": 10323000,
    "eps_basic": 0.34,
    "eps_diluted": 0.34,
    "dividend": 0,
    "assets": 249263000,
    "cur_assets": 100038000,
    "cur_liab": 31479000,
    "cash": 38880000,
    "equity": -174219000,
    "cash_flow_op": 3780000,
    "cash_flow_inv": 7422000,
    "cash_flow_fin": -944000
  },
  {
    "symbol": "TG",
    "end_date": "2016-03-31",
    "amend": "False",
    "period_focus": "Q1",
    "fiscal_year": 2016,
    "doc_type": "10-Q",
    "revenues": -3050000,
    "op_income": "",
    "net_income": 7281000,
    "eps_basic": 0.22,
    "eps_diluted": 0.22,
    "dividend": 0.11,
    "assets": 635763000,
    "cur_assets": 211538000,
    "cur_liab": 108093000,
    "cash": 40022000,
    "equity": 291469000,
    "cash_flow_op": 4599000,
    "cash_flow_inv": -7298000,
    "cash_flow_fin": -3056000
  },
  {
    "symbol": "TWTR",
    "end_date": "2016-03-31",
    "amend": "False",
    "period_focus": "Q1",
    "fiscal_year": 2016,
    "doc_type": "10-Q",
    "revenues": 594521000,
    "op_income": -59116000,
    "net_income": -79731000,
    "eps_basic": -0.12,
    "eps_diluted": -0.12,
    "dividend": 0,
    "assets": 6476168000,
    "cur_assets": 4388909000,
    "cur_liab": 422765000,
    "cash": 1027661000,
    "equity": 4477486000,
    "cash_flow_op": 162764000,
    "cash_flow_inv": -28418000,
    "cash_flow_fin": -24079000
  },
  {
    "symbol": "TUP",
    "end_date": "2016-03-26",
    "amend": "False",
    "period_focus": "Q1",
    "fiscal_year": 2016,
    "doc_type": "10-Q",
    "revenues": 525700000,
    "op_income": 70000000,
    "net_income": 43400000,
    "eps_basic": 0.86,
    "eps_diluted": 0.86,
    "dividend": 0.68,
    "assets": 1657300000,
    "cur_assets": 622900000,
    "cur_liab": 676700000,
    "cash": 98600000,
    "equity": 169600000,
    "cash_flow_op": -7500000,
    "cash_flow_inv": -9000000,
    "cash_flow_fin": 30500000
  },
  {
    "symbol": "LMNX",
    "end_date": "2016-03-31",
    "amend": "False",
    "period_focus": "Q1",
    "fiscal_year": 2016,
    "doc_type": "10-Q",
    "revenues": 62981000,
    "op_income": 11801000,
    "net_income": 8770000,
    "eps_basic": 0.21,
    "eps_diluted": 0.21,
    "dividend": 0,
    "assets": 404227000,
    "cur_assets": 217658000,
    "cur_liab": 20291000,
    "cash": 134302000,
    "equity": 377231000,
    "cash_flow_op": 8285000,
    "cash_flow_inv": -3048000,
    "cash_flow_fin": 356000
  },
  {
    "symbol": "LOAN",
    "end_date": "2016-03-31",
    "amend": "False",
    "period_focus": "Q1",
    "fiscal_year": 2016,
    "doc_type": "10-Q",
    "revenues": 1104590,
    "op_income": 695832,
    "net_income": 695324,
    "eps_basic": 0.1,
    "eps_diluted": 0.1,
    "dividend": 0,
    "assets": 30329798,
    "cur_assets": 20357404,
    "cur_liab": 11888153,
    "cash": 61279,
    "equity": 18441645,
    "cash_flow_op": 711036,
    "cash_flow_inv": 1894452,
    "cash_flow_fin": -2651045
  },
  {
    "symbol": "MRNS",
    "end_date": "2016-03-31",
    "amend": "False",
    "period_focus": "Q1",
    "fiscal_year": 2016,
    "doc_type": "10-Q",
    "revenues": "",
    "op_income": -7098000,
    "net_income": -7216000,
    "eps_basic": -0.37,
    "eps_diluted": -0.37,
    "dividend": 0,
    "assets": 52786000,
    "cur_assets": 51716000,
    "cur_liab": 7754000,
    "cash": 46729000,
    "equity": 40567000,
    "cash_flow_op": -6082000,
    "cash_flow_inv": 1190000,
    "cash_flow_fin": -101000
  },
  {
    "symbol": "MGRC",
    "end_date": "2016-03-31",
    "amend": "False",
    "period_focus": "Q1",
    "fiscal_year": 2016,
    "doc_type": "10-Q",
    "revenues": 9034000,
    "op_income": 14258000,
    "net_income": 6566000,
    "eps_basic": 0.28,
    "eps_diluted": 0.27,
    "dividend": 0.255,
    "assets": 1132355000,
    "cur_assets": "",
    "cur_liab": "",
    "cash": 1062000,
    "equity": 380512000,
    "cash_flow_op": 39632000,
    "cash_flow_inv": -17597000,
    "cash_flow_fin": -22063000
  },
  {
    "symbol": "VSH",
    "end_date": "2016-04-02",
    "amend": "False",
    "period_focus": "Q1",
    "fiscal_year": 2016,
    "doc_type": "10-Q",
    "revenues": 570606000,
    "op_income": 40548000,
    "net_income": 28014000,
    "eps_basic": 0.19,
    "eps_diluted": 0.19,
    "dividend": 0.0625,
    "assets": 3146624000,
    "cur_assets": 1888618000,
    "cur_liab": 438027000,
    "cash": 531296000,
    "equity": 1682729000,
    "cash_flow_op": 20258000,
    "cash_flow_inv": 76371000,
    "cash_flow_fin": -44545000
  },
  {
    "symbol": "VNO",
    "end_date": "2016-03-31",
    "amend": "False",
    "period_focus": "Q1",
    "fiscal_year": 2016,
    "doc_type": "10-Q",
    "revenues": 613037000,
    "op_income": -280000,
    "net_income": -114163000,
    "eps_basic": -0.61,
    "eps_diluted": -0.61,
    "dividend": 0.63,
    "assets": 20873374000,
    "cur_assets": "",
    "cur_liab": "",
    "cash": 1673566000,
    "equity": 7299556000,
    "cash_flow_op": 276645000,
    "cash_flow_inv": -241598000,
    "cash_flow_fin": -197188000
  },
  {
    "symbol": "WD",
    "end_date": "2016-03-31",
    "amend": "False",
    "period_focus": "Q1",
    "fiscal_year": 2016,
    "doc_type": "10-Q",
    "revenues": 94241000,
    "op_income": "",
    "net_income": 15458000,
    "eps_basic": 0.52,
    "eps_diluted": 0.5,
    "dividend": 0,
    "assets": 1495305000,
    "cur_assets": "",
    "cur_liab": "",
    "cash": 98224000,
    "equity": 506252000,
    "cash_flow_op": 1956231000,
    "cash_flow_inv": 40006000,
    "cash_flow_fin": -2035001000
  },
  {
    "symbol": "MACK",
    "end_date": "2016-03-31",
    "amend": "False",
    "period_focus": "Q1",
    "fiscal_year": 2016,
    "doc_type": "10-Q",
    "revenues": 21281000,
    "op_income": -30107000,
    "net_income": -38473000,
    "eps_basic": -0.33,
    "eps_diluted": -0.33,
    "dividend": 0,
    "assets": 192932000,
    "cur_assets": 160681000,
    "cur_liab": 97363000,
    "cash": 48237000,
    "equity": -217197000,
    "cash_flow_op": -53523000,
    "cash_flow_inv": -85491000,
    "cash_flow_fin": 1645000
  },
  {
    "symbol": "MGPI",
    "end_date": "2016-03-31",
    "amend": "False",
    "period_focus": "Q1",
    "fiscal_year": 2016,
    "doc_type": "10-Q",
    "revenues": 76835000,
    "op_income": 10725000,
    "net_income": 6789000,
    "eps_basic": 0.41,
    "eps_diluted": 0.41,
    "dividend": 0.08,
    "assets": 201107000,
    "cur_assets": 100938000,
    "cur_liab": 37171000,
    "cash": 0,
    "equity": 122961000,
    "cash_flow_op": -1641000,
    "cash_flow_inv": -3053000,
    "cash_flow_fin": 3947000
  },
  {
    "symbol": "MCEP",
    "end_date": "2016-03-31",
    "amend": "False",
    "period_focus": "Q1",
    "fiscal_year": 2016,
    "doc_type": "10-Q",
    "revenues": 13837000,
    "op_income": -1150000,
    "net_income": -3313000,
    "eps_basic": -0.11,
    "eps_diluted": -0.11,
    "dividend": 0,
    "assets": 312122000,
    "cur_assets": 24702000,
    "cur_liab": 21698000,
    "cash": 105000,
    "equity": "",
    "cash_flow_op": 12104000,
    "cash_flow_inv": -1598000,
    "cash_flow_fin": -11016000
  },
  {
    "symbol": "WAC",
    "end_date": "2016-03-31",
    "amend": "False",
    "period_focus": "Q1",
    "fiscal_year": 2016,
    "doc_type": "10-Q",
    "revenues": 66771000,
    "op_income": "",
    "net_income": -172702000,
    "eps_basic": -4.85,
    "eps_diluted": -4.85,
    "dividend": 0,
    "assets": 18279935000,
    "cur_assets": "",
    "cur_liab": "",
    "cash": 194418000,
    "equity": 632037000,
    "cash_flow_op": 202735000,
    "cash_flow_inv": 57947000,
    "cash_flow_fin": -269092000
  },
  {
    "symbol": "WRI",
    "end_date": "2016-03-31",
    "amend": "False",
    "period_focus": "Q1",
    "fiscal_year": 2016,
    "doc_type": "10-Q",
    "revenues": 132417000,
    "op_income": 48604000,
    "net_income": 107074000,
    "eps_basic": 0.87,
    "eps_diluted": 0.85,
    "dividend": 0.365,
    "assets": 4033840000,
    "cur_assets": "",
    "cur_liab": "",
    "cash": 27200000,
    "equity": 1622590000,
    "cash_flow_op": 50498000,
    "cash_flow_inv": -39804000,
    "cash_flow_fin": -5662000
  },
  {
    "symbol": "WR",
    "end_date": "2016-03-31",
    "amend": "False",
    "period_focus": "Q1",
    "fiscal_year": 2016,
    "doc_type": "10-Q",
    "revenues": 569450000,
    "op_income": 141811000,
    "net_income": 65585000,
    "eps_basic": 0.46,
    "eps_diluted": 0.46,
    "dividend": 0.38,
    "assets": 10805597000,
    "cur_assets": 675579000,
    "cur_liab": 1073933000,
    "cash": 3471000,
    "equity": 3687205000,
    "cash_flow_op": 238876000,
    "cash_flow_inv": -197761000,
    "cash_flow_fin": -40875000
  },
  {
    "symbol": "WAL",
    "end_date": "2016-03-31",
    "amend": "False",
    "period_focus": "Q1",
    "fiscal_year": 2016,
    "doc_type": "10-Q",
    "revenues": 167389000,
    "op_income": "",
    "net_income": 61332000,
    "eps_basic": 0.6,
    "eps_diluted": 0.6,
    "dividend": 0,
    "assets": 15248039000,
    "cur_assets": "",
    "cur_liab": "",
    "cash": 1030977000,
    "equity": 1660163000,
    "cash_flow_op": 71315000,
    "cash_flow_inv": -155516000,
    "cash_flow_fin": 890538000
  },
  {
    "symbol": "MSEX",
    "end_date": "2016-03-31",
    "amend": "False",
    "period_focus": "Q1",
    "fiscal_year": 2016,
    "doc_type": "10-Q",
    "revenues": 30579000,
    "op_income": 8302000,
    "net_income": 4754000,
    "eps_basic": 0.29,
    "eps_diluted": 0.29,
    "dividend": 0.1988,
    "assets": 585963000,
    "cur_assets": 24602000,
    "cur_liab": 30535000,
    "cash": 3646000,
    "equity": 57459000,
    "cash_flow_op": 12335000,
    "cash_flow_inv": -6672000,
    "cash_flow_fin": -5486000
  },
  {
    "symbol": "NERV",
    "end_date": "2016-03-31",
    "amend": "False",
    "period_focus": "Q1",
    "fiscal_year": 2016,
    "doc_type": "10-Q",
    "revenues": "",
    "op_income": -7756906,
    "net_income": -8004410,
    "eps_basic": -0.29,
    "eps_diluted": -0.29,
    "dividend": 0,
    "assets": 94428883,
    "cur_assets": 45337634,
    "cur_liab": 6969461,
    "cash": 34822042,
    "equity": 66649449,
    "cash_flow_op": -6049086,
    "cash_flow_inv": 8043000,
    "cash_flow_fin": 18544074
  },
  {
    "symbol": "MOBL",
    "end_date": "2016-03-31",
    "amend": "False",
    "period_focus": "Q1",
    "fiscal_year": 2016,
    "doc_type": "10-Q",
    "revenues": 38007000,
    "op_income": -19406000,
    "net_income": -19447000,
    "eps_basic": -0.23,
    "eps_diluted": -0.23,
    "dividend": 0,
    "assets": 149662000,
    "cur_assets": 133178000,
    "cur_liab": 68629000,
    "cash": 48552000,
    "equity": 64553000,
    "cash_flow_op": -3546000,
    "cash_flow_inv": 3490000,
    "cash_flow_fin": 1374000
  },
  {
    "symbol": "MITK",
    "end_date": "2016-03-31",
    "amend": "False",
    "period_focus": "Q2",
    "fiscal_year": 2016,
    "doc_type": "10-Q",
    "revenues": 8522000,
    "op_income": 631000,
    "net_income": 582000,
    "eps_basic": 0.02,
    "eps_diluted": 0.02,
    "dividend": 0,
    "assets": 42295000,
    "cur_assets": 31752000,
    "cur_liab": 7689000,
    "cash": 13226000,
    "equity": 33645000,
    "cash_flow_op": 5189000,
    "cash_flow_inv": 5016000,
    "cash_flow_fin": 302000
  },
  {
    "symbol": "MGI",
    "end_date": "2016-03-31",
    "amend": "False",
    "period_focus": "Q1",
    "fiscal_year": 2016,
    "doc_type": "10-Q",
    "revenues": 358400000,
    "op_income": 23100000,
    "net_income": -4200000,
    "eps_basic": -0.07,
    "eps_diluted": -0.07,
    "dividend": 0,
    "assets": 4280000000,
    "cur_assets": "",
    "cur_liab": "",
    "cash": 141500000,
    "equity": -224300000,
    "cash_flow_op": -600000,
    "cash_flow_inv": -18000000,
    "cash_flow_fin": -4400000
  },
  {
    "symbol": "MNST",
    "end_date": "2016-03-31",
    "amend": "False",
    "period_focus": "Q1",
    "fiscal_year": 2016,
    "doc_type": "10-Q",
    "revenues": 680186000,
    "op_income": 254713000,
    "net_income": 163877000,
    "eps_basic": 0.81,
    "eps_diluted": 0.79,
    "dividend": 0,
    "assets": 5883484000,
    "cur_assets": 3792872000,
    "cur_liab": 540655000,
    "cash": 2528109000,
    "equity": 4991846000,
    "cash_flow_op": 109559000,
    "cash_flow_inv": 234272000,
    "cash_flow_fin": 1540000
  },
  {
    "symbol": "MYL",
    "end_date": "2016-03-31",
    "amend": "False",
    "period_focus": "Q1",
    "fiscal_year": 2016,
    "doc_type": "10-Q",
    "revenues": 2191300000,
    "op_income": 105600000,
    "net_income": 13900000,
    "eps_basic": 0.03,
    "eps_diluted": 0.03,
    "dividend": 0,
    "assets": 22644100000,
    "cur_assets": 6627600000,
    "cur_liab": 3959400000,
    "cash": 1199400000,
    "equity": 10274900000,
    "cash_flow_op": 80500000,
    "cash_flow_inv": -160000000,
    "cash_flow_fin": 30500000
  },
  {
    "symbol": "WU",
    "end_date": "2016-03-31",
    "amend": "False",
    "period_focus": "Q1",
    "fiscal_year": 2016,
    "doc_type": "10-Q",
    "revenues": 1297700000,
    "op_income": 258600000,
    "net_income": 185700000,
    "eps_basic": 0.37,
    "eps_diluted": 0.37,
    "dividend": 0.16,
    "assets": 9418300000,
    "cur_assets": "",
    "cur_liab": "",
    "cash": 1160000000,
    "equity": 1239000000,
    "cash_flow_op": 212700000,
    "cash_flow_inv": -63300000,
    "cash_flow_fin": -305300000
  },
  {
    "symbol": "WG",
    "end_date": "2016-03-31",
    "amend": "False",
    "period_focus": "Q1",
    "fiscal_year": 2016,
    "doc_type": "10-Q",
    "revenues": 199030000,
    "op_income": -9461000,
    "net_income": 405000,
    "eps_basic": -0.25,
    "eps_diluted": -0.25,
    "dividend": 0,
    "assets": 431372000,
    "cur_assets": 243274000,
    "cur_liab": 136970000,
    "cash": 51686000,
    "equity": 165682000,
    "cash_flow_op": -1418000,
    "cash_flow_inv": -882000,
    "cash_flow_fin": -5433000
  },
  {
    "symbol": "WTM",
    "end_date": "2016-03-31",
    "amend": "False",
    "period_focus": "Q1",
    "fiscal_year": 2016,
    "doc_type": "10-Q",
    "revenues": 427100000,
    "op_income": "",
    "net_income": 13000000,
    "eps_basic": 2.34,
    "eps_diluted": 2.34,
    "dividend": 1,
    "assets": 10391800000,
    "cur_assets": "",
    "cur_liab": "",
    "cash": 170400000,
    "equity": 4237300000,
    "cash_flow_op": -92400000,
    "cash_flow_inv": 174800000,
    "cash_flow_fin": -98800000
  },
  {
    "symbol": "NATI",
    "end_date": "2016-03-31",
    "amend": "False",
    "period_focus": "Q1",
    "fiscal_year": 2016,
    "doc_type": "10-Q",
    "revenues": 287177000,
    "op_income": 13844000,
    "net_income": 9298000,
    "eps_basic": 0.07,
    "eps_diluted": 0.07,
    "dividend": 0.2,
    "assets": 1456280000,
    "cur_assets": 793493000,
    "cur_liab": 255085000,
    "cash": 265400000,
    "equity": 1088462000,
    "cash_flow_op": 48618000,
    "cash_flow_inv": 399000,
    "cash_flow_fin": -34746000
  },
  {
    "symbol": "XYL",
    "end_date": "2016-03-31",
    "amend": "False",
    "period_focus": "Q1",
    "fiscal_year": 2016,
    "doc_type": "10-Q",
    "revenues": 847000000,
    "op_income": 79000000,
    "net_income": 66000000,
    "eps_basic": 0.37,
    "eps_diluted": 0.37,
    "dividend": 0.1549,
    "assets": 5304000000,
    "cur_assets": 2575000000,
    "cur_liab": 1432000000,
    "cash": 1193000000,
    "equity": 2159000000,
    "cash_flow_op": 41000000,
    "cash_flow_inv": -105000000,
    "cash_flow_fin": 559000000
  },
  {
    "symbol": "EGOV",
    "end_date": "2016-03-31",
    "amend": "False",
    "period_focus": "Q1",
    "fiscal_year": 2016,
    "doc_type": "10-Q",
    "revenues": 78390000,
    "op_income": "",
    "net_income": 12774000,
    "eps_basic": 0.19,
    "eps_diluted": 0.19,
    "dividend": 0,
    "assets": 212190000,
    "cur_assets": 198931000,
    "cur_liab": 77932000,
    "cash": 105783000,
    "equity": 129612000,
    "cash_flow_op": 8097000,
    "cash_flow_inv": -2026000,
    "cash_flow_fin": 1324000
  },
  {
    "symbol": "NVLS",
    "end_date": "2016-03-31",
    "amend": "False",
    "period_focus": "Q1",
    "fiscal_year": 2016,
    "doc_type": "10-Q",
    "revenues": 0,
    "op_income": -7934000,
    "net_income": -7838000,
    "eps_basic": -0.51,
    "eps_diluted": -0.51,
    "dividend": 0,
    "assets": 80937000,
    "cur_assets": 80713000,
    "cur_liab": 4578000,
    "cash": 16030000,
    "equity": 76359000,
    "cash_flow_op": -7011000,
    "cash_flow_inv": -1950000,
    "cash_flow_fin": ""
  },
  {
    "symbol": "OCRX",
    "end_date": "2016-03-31",
    "amend": "False",
    "period_focus": "Q1",
    "fiscal_year": 2016,
    "doc_type": "10-Q",
    "revenues": 33000,
    "op_income": "",
    "net_income": -7514000,
    "eps_basic": -0.36,
    "eps_diluted": -0.36,
    "dividend": 0,
    "assets": 41181000,
    "cur_assets": 40504000,
    "cur_liab": 5021000,
    "cash": 32432000,
    "equity": 26709000,
    "cash_flow_op": -5225000,
    "cash_flow_inv": -21000,
    "cash_flow_fin": 1757000
  },
  {
    "symbol": "OXFD",
    "end_date": "2016-03-31",
    "amend": "False",
    "period_focus": "Q1",
    "fiscal_year": 2016,
    "doc_type": "10-Q",
    "revenues": 17110000,
    "op_income": -7194000,
    "net_income": -7049000,
    "eps_basic": -0.32,
    "eps_diluted": -0.32,
    "dividend": 0,
    "assets": 97767000,
    "cur_assets": 89076000,
    "cur_liab": 9566000,
    "cash": 68731000,
    "equity": 86432000,
    "cash_flow_op": -13982000,
    "cash_flow_inv": -731000,
    "cash_flow_fin": -8000
  },
  {
    "symbol": "PTSI",
    "end_date": "2016-03-31",
    "amend": "False",
    "period_focus": "Q1",
    "fiscal_year": 2016,
    "doc_type": "10-Q",
    "revenues": 103589000,
    "op_income": 5586000,
    "net_income": 2935000,
    "eps_basic": 0.41,
    "eps_diluted": 0.41,
    "dividend": 0,
    "assets": 378057000,
    "cur_assets": 98368000,
    "cur_liab": 97335000,
    "cash": 159000,
    "equity": 105083000,
    "cash_flow_op": 15406000,
    "cash_flow_inv": -18704000,
    "cash_flow_fin": 3300000
  },
  {
    "symbol": "PCRX",
    "end_date": "2016-03-31",
    "amend": "False",
    "period_focus": "Q1",
    "fiscal_year": 2016,
    "doc_type": "10-Q",
    "revenues": 65474000,
    "op_income": -2254000,
    "net_income": -3854000,
    "eps_basic": -0.1,
    "eps_diluted": -0.1,
    "dividend": 0,
    "assets": 391206000,
    "cur_assets": 248625000,
    "cur_liab": 146139000,
    "cash": 35029000,
    "equity": 226170000,
    "cash_flow_op": -3121000,
    "cash_flow_inv": -21875000,
    "cash_flow_fin": 3041000
  },
  {
    "symbol": "PZZA",
    "end_date": "2016-03-27",
    "amend": "False",
    "period_focus": "Q1",
    "fiscal_year": 2016,
    "doc_type": "10-Q",
    "revenues": 428595000,
    "op_income": 42898000,
    "net_income": 26182000,
    "eps_basic": 0.69,
    "eps_diluted": 0.69,
    "dividend": 0.175,
    "assets": 490979000,
    "cur_assets": 140323000,
    "cur_liab": 104966000,
    "cash": 17272000,
    "equity": -5694000,
    "cash_flow_op": 29969000,
    "cash_flow_inv": -20934000,
    "cash_flow_fin": -12711000
  },
  {
    "symbol": "PRXL",
    "end_date": "2016-03-31",
    "amend": "False",
    "period_focus": "Q3",
    "fiscal_year": 2016,
    "doc_type": "10-Q",
    "revenues": 611400000,
    "op_income": 69700000,
    "net_income": 47900000,
    "eps_basic": 0.91,
    "eps_diluted": 0.89,
    "dividend": 0,
    "assets": 2092600000,
    "cur_assets": 1237500000,
    "cur_liab": 758100000,
    "cash": 209700000,
    "equity": 601100000,
    "cash_flow_op": 130100000,
    "cash_flow_inv": -144100000,
    "cash_flow_fin": 19300000
  },
  {
    "symbol": "PTEN",
    "end_date": "2016-03-31",
    "amend": "False",
    "period_focus": "Q1",
    "fiscal_year": 2016,
    "doc_type": "10-Q",
    "revenues": 268939000,
    "op_income": -95259000,
    "net_income": -70503000,
    "eps_basic": -0.48,
    "eps_diluted": -0.48,
    "dividend": 0.1,
    "assets": 4398170000,
    "cur_assets": 494211000,
    "cur_liab": 313384000,
    "cash": 186557000,
    "equity": 2489482000,
    "cash_flow_op": 113733000,
    "cash_flow_inv": -16201000,
    "cash_flow_fin": -24712000
  },
  {
    "symbol": "PDFS",
    "end_date": "2016-03-31",
    "amend": "False",
    "period_focus": "Q1",
    "fiscal_year": 2016,
    "doc_type": "10-Q",
    "revenues": 25081000,
    "op_income": 3323000,
    "net_income": 2062000,
    "eps_basic": 0.07,
    "eps_diluted": 0.07,
    "dividend": 0,
    "assets": 198217000,
    "cur_assets": 162200000,
    "cur_liab": 14630000,
    "cash": 129398000,
    "equity": 180655000,
    "cash_flow_op": 3658000,
    "cash_flow_inv": -1780000,
    "cash_flow_fin": 1289000
  },
  {
    "symbol": "PRTA",
    "end_date": "2016-03-31",
    "amend": "False",
    "period_focus": "Q1",
    "fiscal_year": 2016,
    "doc_type": "10-Q",
    "revenues": 265000,
    "op_income": -27410000,
    "net_income": -27521000,
    "eps_basic": -0.81,
    "eps_diluted": -0.81,
    "dividend": 0,
    "assets": 491308000,
    "cur_assets": 482092000,
    "cur_liab": 23234000,
    "cash": 474252000,
    "equity": 465780000,
    "cash_flow_op": -25153000,
    "cash_flow_inv": -238000,
    "cash_flow_fin": 129057000
  },
  {
    "symbol": "RRD",
    "end_date": "2016-03-31",
    "amend": "False",
    "period_focus": "Q1",
    "fiscal_year": 2016,
    "doc_type": "10-Q",
    "revenues": 2651400000,
    "op_income": 133300000,
    "net_income": 39800000,
    "eps_basic": 0.19,
    "eps_diluted": 0.19,
    "dividend": 0.26,
    "assets": 7086100000,
    "cur_assets": 2937000000,
    "cur_liab": 2423100000,
    "cash": 263700000,
    "equity": 697500000,
    "cash_flow_op": -192800000,
    "cash_flow_inv": -29500000,
    "cash_flow_fin": 92000000
  },
  {
    "symbol": "RGLS",
    "end_date": "2016-03-31",
    "amend": "False",
    "period_focus": "Q1",
    "fiscal_year": 2016,
    "doc_type": "10-Q",
    "revenues": 489000,
    "op_income": -21378000,
    "net_income": -21207000,
    "eps_basic": -0.4,
    "eps_diluted": -0.4,
    "dividend": 0,
    "assets": 128138000,
    "cur_assets": 115759000,
    "cur_liab": 11012000,
    "cash": 19249000,
    "equity": 107229000,
    "cash_flow_op": -8930000,
    "cash_flow_inv": 11691000,
    "cash_flow_fin": 528000
  },
  {
    "symbol": "REIS",
    "end_date": "2016-03-31",
    "amend": "False",
    "period_focus": "Q1",
    "fiscal_year": 2016,
    "doc_type": "10-Q",
    "revenues": 22268396,
    "op_income": "",
    "net_income": 1604125,
    "eps_basic": 0.14,
    "eps_diluted": 0.14,
    "dividend": 0.17,
    "assets": 128028284,
    "cur_assets": 37344453,
    "cur_liab": 26466048,
    "cash": 28910705,
    "equity": 101282437,
    "cash_flow_op": 6074843,
    "cash_flow_inv": -3003962,
    "cash_flow_fin": -2818132
  },
  {
    "symbol": "SALE",
    "end_date": "2016-03-31",
    "amend": "False",
    "period_focus": "Q1",
    "fiscal_year": 2016,
    "doc_type": "10-Q",
    "revenues": 54649000,
    "op_income": 501000,
    "net_income": -36000,
    "eps_basic": 0,
    "eps_diluted": 0,
    "dividend": 0,
    "assets": 573113000,
    "cur_assets": 310424000,
    "cur_liab": 32660000,
    "cash": 256909000,
    "equity": 471036000,
    "cash_flow_op": 26352000,
    "cash_flow_inv": -2195000,
    "cash_flow_fin": -27303000
  },
  {
    "symbol": "RIGL",
    "end_date": "2016-03-31",
    "amend": "False",
    "period_focus": "Q1",
    "fiscal_year": 2016,
    "doc_type": "10-Q",
    "revenues": 8593000,
    "op_income": -17567000,
    "net_income": -17464000,
    "eps_basic": -0.19,
    "eps_diluted": -0.19,
    "dividend": 0,
    "assets": 108280000,
    "cur_assets": 105606000,
    "cur_liab": 27711000,
    "cash": 14269000,
    "equity": 75452000,
    "cash_flow_op": -22420000,
    "cash_flow_inv": -6771000,
    "cash_flow_fin": 4000
  },
  {
    "symbol": "SBRA",
    "end_date": "2016-03-31",
    "amend": "False",
    "period_focus": "Q1",
    "fiscal_year": 2016,
    "doc_type": "10-Q",
    "revenues": 62559000,
    "op_income": "",
    "net_income": -18272000,
    "eps_basic": -0.28,
    "eps_diluted": -0.28,
    "dividend": 0.41,
    "assets": 2434156000,
    "cur_assets": "",
    "cur_liab": "",
    "cash": 9133000,
    "equity": 1007498000,
    "cash_flow_op": 24726000,
    "cash_flow_inv": 1964000,
    "cash_flow_fin": -25122000
  },
  {
    "symbol": "RUTH",
    "end_date": "2016-03-27",
    "amend": "False",
    "period_focus": "Q1",
    "fiscal_year": 2016,
    "doc_type": "10-Q",
    "revenues": 101890000,
    "op_income": 16434000,
    "net_income": 10762000,
    "eps_basic": 0.33,
    "eps_diluted": 0.33,
    "dividend": 0.07,
    "assets": 189774000,
    "cur_assets": 22081000,
    "cur_liab": 71425000,
    "cash": 2661000,
    "equity": 95131000,
    "cash_flow_op": 12357000,
    "cash_flow_inv": -5928000,
    "cash_flow_fin": -6863000
  },
  {
    "symbol": "SGNT",
    "end_date": "2016-03-31",
    "amend": "False",
    "period_focus": "Q1",
    "fiscal_year": 2016,
    "doc_type": "10-Q",
    "revenues": 67795000,
    "op_income": -7217000,
    "net_income": -4988000,
    "eps_basic": -0.15,
    "eps_diluted": -0.15,
    "dividend": 0,
    "assets": 345968000,
    "cur_assets": 177424000,
    "cur_liab": 76027000,
    "cash": 12504000,
    "equity": 253451000,
    "cash_flow_op": -16627000,
    "cash_flow_inv": -2036000,
    "cash_flow_fin": 1472000
  },
  {
    "symbol": "SNDK",
    "end_date": "2016-04-03",
    "amend": "False",
    "period_focus": "Q1",
    "fiscal_year": 2016,
    "doc_type": "10-Q",
    "revenues": 1365736000,
    "op_income": 137111000,
    "net_income": 78353000,
    "eps_basic": 0.39,
    "eps_diluted": 0.37,
    "dividend": 0,
    "assets": 9511856000,
    "cur_assets": 6153380000,
    "cur_liab": 3692609000,
    "cash": 3271927000,
    "equity": 5330075000,
    "cash_flow_op": 355143000,
    "cash_flow_inv": 1416432000,
    "cash_flow_fin": 11988000
  },
  {
    "symbol": "SFBS",
    "end_date": "2016-03-31",
    "amend": "False",
    "period_focus": "Q1",
    "fiscal_year": 2016,
    "doc_type": "10-Q",
    "revenues": 53687000,
    "op_income": "",
    "net_income": 17649000,
    "eps_basic": 0.68,
    "eps_diluted": 0.66,
    "dividend": 0,
    "assets": 5378599000,
    "cur_assets": "",
    "cur_liab": "",
    "cash": 525637000,
    "equity": 470940000,
    "cash_flow_op": 24967000,
    "cash_flow_inv": -115668000,
    "cash_flow_fin": 264103000
  },
  {
    "symbol": "SMED",
    "end_date": "2016-03-31",
    "amend": "False",
    "period_focus": "Q3",
    "fiscal_year": 2016,
    "doc_type": "10-Q",
    "revenues": 6652000,
    "op_income": -1104000,
    "net_income": -1042000,
    "eps_basic": -0.07,
    "eps_diluted": -0.07,
    "dividend": 0,
    "assets": 29106000,
    "cur_assets": 22371000,
    "cur_liab": 4919000,
    "cash": 13446000,
    "equity": 23457000,
    "cash_flow_op": 1490000,
    "cash_flow_inv": -2769000,
    "cash_flow_fin": -432000
  },
  {
    "symbol": "SCIA",
    "end_date": "2016-03-31",
    "amend": "False",
    "period_focus": "Q1",
    "fiscal_year": 2016,
    "doc_type": "10-Q",
    "revenues": 1374812,
    "op_income": -219954,
    "net_income": -236927,
    "eps_basic": -0.06,
    "eps_diluted": -0.06,
    "dividend": 0,
    "assets": 4566040,
    "cur_assets": 2263936,
    "cur_liab": 1399783,
    "cash": 874117,
    "equity": 2623982,
    "cash_flow_op": -26365,
    "cash_flow_inv": -7085,
    "cash_flow_fin": -89603
  },
  {
    "symbol": "SFST",
    "end_date": "2016-03-31",
    "amend": "False",
    "period_focus": "Q1",
    "fiscal_year": 2016,
    "doc_type": "10-Q",
    "revenues": 14888000,
    "op_income": "",
    "net_income": 3006000,
    "eps_basic": 0.48,
    "eps_diluted": 0.45,
    "dividend": 0,
    "assets": 1239317000,
    "cur_assets": "",
    "cur_liab": "",
    "cash": 54773000,
    "equity": 98295000,
    "cash_flow_op": -4411000,
    "cash_flow_inv": -21475000,
    "cash_flow_fin": 17793000
  },
  {
    "symbol": "SPAR",
    "end_date": "2016-03-31",
    "amend": "False",
    "period_focus": "Q1",
    "fiscal_year": 2016,
    "doc_type": "10-Q",
    "revenues": 133726000,
    "op_income": 691000,
    "net_income": 543000,
    "eps_basic": 0.02,
    "eps_diluted": 0.02,
    "dividend": 0,
    "assets": 247594000,
    "cur_assets": 175203000,
    "cur_liab": 88158000,
    "cash": 36785000,
    "equity": 149522000,
    "cash_flow_op": 5938000,
    "cash_flow_inv": -1723000,
    "cash_flow_fin": -131000
  },
  {
    "symbol": "STRL",
    "end_date": "2016-03-31",
    "amend": "False",
    "period_focus": "Q1",
    "fiscal_year": 2016,
    "doc_type": "10-Q",
    "revenues": 126567000,
    "op_income": -6466000,
    "net_income": -7328000,
    "eps_basic": -0.37,
    "eps_diluted": -0.37,
    "dividend": 0,
    "assets": 284007000,
    "cur_assets": 153738000,
    "cur_liab": 121363000,
    "cash": 14919000,
    "equity": 88805000,
    "cash_flow_op": 840000,
    "cash_flow_inv": -2103000,
    "cash_flow_fin": 11756000
  },
  {
    "symbol": "SPRT",
    "end_date": "2016-03-31",
    "amend": "False",
    "period_focus": "Q1",
    "fiscal_year": 2016,
    "doc_type": "10-Q",
    "revenues": 16597000,
    "op_income": -4677000,
    "net_income": -4312000,
    "eps_basic": -0.08,
    "eps_diluted": -0.08,
    "dividend": 0,
    "assets": 77701000,
    "cur_assets": 73523000,
    "cur_liab": 9395000,
    "cash": 22654000,
    "equity": 67769000,
    "cash_flow_op": -4170000,
    "cash_flow_inv": -804000,
    "cash_flow_fin": -31000
  },
  {
    "symbol": "SCAI",
    "end_date": "2016-03-31",
    "amend": "False",
    "period_focus": "Q1",
    "fiscal_year": 2016,
    "doc_type": "10-Q",
    "revenues": 279718000,
    "op_income": 43746000,
    "net_income": 2413000,
    "eps_basic": 0.06,
    "eps_diluted": 0.06,
    "dividend": 0,
    "assets": 2116522000,
    "cur_assets": 298563000,
    "cur_liab": 266227000,
    "cash": 46037000,
    "equity": 881004000,
    "cash_flow_op": 61454000,
    "cash_flow_inv": -64590000,
    "cash_flow_fin": -30095000
  },
  {
    "symbol": "SYKE",
    "end_date": "2016-03-31",
    "amend": "False",
    "period_focus": "Q1",
    "fiscal_year": 2016,
    "doc_type": "10-Q",
    "revenues": 320746000,
    "op_income": 20270000,
    "net_income": 13954000,
    "eps_basic": 0.33,
    "eps_diluted": 0.33,
    "dividend": 0,
    "assets": 987280000,
    "cur_assets": 580664000,
    "cur_liab": 160283000,
    "cash": 259885000,
    "equity": 706743000,
    "cash_flow_op": 25517000,
    "cash_flow_inv": -6057000,
    "cash_flow_fin": -2446000
  },
  {
    "symbol": "SYNT",
    "end_date": "2016-03-31",
    "amend": "False",
    "period_focus": "Q1",
    "fiscal_year": 2016,
    "doc_type": "10-Q",
    "revenues": 241390000,
    "op_income": 60047000,
    "net_income": 53057000,
    "eps_basic": 0.63,
    "eps_diluted": 0.63,
    "dividend": 0,
    "assets": 1467139000,
    "cur_assets": 1291487000,
    "cur_liab": 235960000,
    "cash": 658454000,
    "equity": 1213280000,
    "cash_flow_op": 46582000,
    "cash_flow_inv": 107576000,
    "cash_flow_fin": 22000
  },
  {
    "symbol": "TSRA",
    "end_date": "2016-03-31",
    "amend": "False",
    "period_focus": "Q1",
    "fiscal_year": 2016,
    "doc_type": "10-Q",
    "revenues": 59977000,
    "op_income": 26155000,
    "net_income": 18090000,
    "eps_basic": 0.36,
    "eps_diluted": 0.36,
    "dividend": 0.2,
    "assets": 513037000,
    "cur_assets": 392832000,
    "cur_liab": 17714000,
    "cash": 33435000,
    "equity": 492067000,
    "cash_flow_op": 30148000,
    "cash_flow_inv": 26971000,
    "cash_flow_fin": -46283000
  },
  {
    "symbol": "FLIC",
    "end_date": "2016-03-31",
    "amend": "False",
    "period_focus": "Q1",
    "fiscal_year": 2016,
    "doc_type": "10-Q",
    "revenues": 26861000,
    "op_income": "",
    "net_income": 7399000,
    "eps_basic": 0.52,
    "eps_diluted": 0.52,
    "dividend": 0.2,
    "assets": 3234376000,
    "cur_assets": "",
    "cur_liab": "",
    "cash": 42321000,
    "equity": 260436000,
    "cash_flow_op": 5559000,
    "cash_flow_inv": -96672000,
    "cash_flow_fin": 93799000
  },
  {
    "symbol": "YORW",
    "end_date": "2016-03-31",
    "amend": "False",
    "period_focus": "Q1",
    "fiscal_year": 2016,
    "doc_type": "10-Q",
    "revenues": 11278000,
    "op_income": 5214000,
    "net_income": 2486000,
    "eps_basic": 0.19,
    "eps_diluted": 0,
    "dividend": 0.1555,
    "assets": 311218000,
    "cur_assets": 11559000,
    "cur_liab": 6543000,
    "cash": 3217000,
    "equity": 110294000,
    "cash_flow_op": 3324000,
    "cash_flow_inv": -1926000,
    "cash_flow_fin": -1060000
  },
  {
    "symbol": "CLUB",
    "end_date": "2016-03-31",
    "amend": "False",
    "period_focus": "Q1",
    "fiscal_year": 2016,
    "doc_type": "10-Q",
    "revenues": 101345000,
    "op_income": -3722000,
    "net_income": -6925000,
    "eps_basic": -0.28,
    "eps_diluted": -0.28,
    "dividend": 0,
    "assets": 300454000,
    "cur_assets": 106200000,
    "cur_liab": 86439000,
    "cash": 87757000,
    "equity": -102799000,
    "cash_flow_op": 16092000,
    "cash_flow_inv": -3813000,
    "cash_flow_fin": -678000
  },
  {
    "symbol": "TSC",
    "end_date": "2016-03-31",
    "amend": "False",
    "period_focus": "Q1",
    "fiscal_year": 2016,
    "doc_type": "10-Q",
    "revenues": 32275000,
    "op_income": "",
    "net_income": 5843000,
    "eps_basic": 0.21,
    "eps_diluted": 0.21,
    "dividend": 0,
    "assets": 3399871000,
    "cur_assets": "",
    "cur_liab": "",
    "cash": 110493000,
    "equity": 330242000,
    "cash_flow_op": -5666000,
    "cash_flow_inv": -75158000,
    "cash_flow_fin": 94641000
  },
  {
    "symbol": "TWIN",
    "end_date": "2016-03-25",
    "amend": "False",
    "period_focus": "Q3",
    "fiscal_year": 2016,
    "doc_type": "10-Q",
    "revenues": 41434000,
    "op_income": -4726000,
    "net_income": -963000,
    "eps_basic": -0.09,
    "eps_diluted": -0.09,
    "dividend": 0,
    "assets": 218410000,
    "cur_assets": 133194000,
    "cur_liab": 40931000,
    "cash": 13400000,
    "equity": 131003000,
    "cash_flow_op": -5335000,
    "cash_flow_inv": 1771000,
    "cash_flow_fin": -4682000
  },
  {
    "symbol": "UCTT",
    "end_date": "2016-03-25",
    "amend": "False",
    "period_focus": "Q1",
    "fiscal_year": 2016,
    "doc_type": "10-Q",
    "revenues": 112229000,
    "op_income": -698000,
    "net_income": -3239000,
    "eps_basic": -0.1,
    "eps_diluted": -0.1,
    "dividend": 0,
    "assets": 345950000,
    "cur_assets": 200720000,
    "cur_liab": 79704000,
    "cash": 45539000,
    "equity": 198425000,
    "cash_flow_op": -196000,
    "cash_flow_inv": -2030000,
    "cash_flow_fin": -2333000
  },
  {
    "symbol": "UMBF",
    "end_date": "2016-03-31",
    "amend": "False",
    "period_focus": "Q1",
    "fiscal_year": 2016,
    "doc_type": "10-Q",
    "revenues": 240436000,
    "op_income": "",
    "net_income": 36245000,
    "eps_basic": 0.74,
    "eps_diluted": 0.74,
    "dividend": 0.245,
    "assets": 19302913000,
    "cur_assets": "",
    "cur_liab": "",
    "cash": 325446000,
    "equity": 1947959000,
    "cash_flow_op": 27746000,
    "cash_flow_inv": -412378000,
    "cash_flow_fin": 164638000
  },
  {
    "symbol": "USLM",
    "end_date": "2016-03-31",
    "amend": "False",
    "period_focus": "Q1",
    "fiscal_year": 2016,
    "doc_type": "10-Q",
    "revenues": 33586000,
    "op_income": 5448000,
    "net_income": 4066000,
    "eps_basic": 0.73,
    "eps_diluted": 0.73,
    "dividend": 0.125,
    "assets": 195814000,
    "cur_assets": 92303000,
    "cur_liab": 7018000,
    "cash": 60626000,
    "equity": 167640000,
    "cash_flow_op": 7882000,
    "cash_flow_inv": -3907000,
    "cash_flow_fin": -3275000
  },
  {
    "symbol": "UPIP",
    "end_date": "2016-03-31",
    "amend": "False",
    "period_focus": "Q3",
    "fiscal_year": 2016,
    "doc_type": "10-Q",
    "revenues": 1251000,
    "op_income": -8627000,
    "net_income": -9786000,
    "eps_basic": -1.04,
    "eps_diluted": -1.04,
    "dividend": 0,
    "assets": 60826000,
    "cur_assets": 58421000,
    "cur_liab": 14182000,
    "cash": 55856000,
    "equity": -7594000,
    "cash_flow_op": -29467000,
    "cash_flow_inv": 11675000,
    "cash_flow_fin": -107000
  },
  {
    "symbol": "ECOL",
    "end_date": "2016-03-31",
    "amend": "False",
    "period_focus": "Q1",
    "fiscal_year": 2016,
    "doc_type": "10-Q",
    "revenues": 113318000,
    "op_income": 15783000,
    "net_income": 7517000,
    "eps_basic": 0.35,
    "eps_diluted": 0.35,
    "dividend": 0.18,
    "assets": 768225000,
    "cur_assets": 117356000,
    "cur_liab": 66747000,
    "cash": 14282000,
    "equity": 261665000,
    "cash_flow_op": 30252000,
    "cash_flow_inv": -7210000,
    "cash_flow_fin": -14907000
  },
  {
    "symbol": "VNR",
    "end_date": "2016-03-31",
    "amend": "False",
    "period_focus": "Q1",
    "fiscal_year": 2016,
    "doc_type": "10-Q",
    "revenues": 113199000,
    "op_income": -204635000,
    "net_income": -151974000,
    "eps_basic": -1.16,
    "eps_diluted": -1.16,
    "dividend": 0,
    "assets": 2383565000,
    "cur_assets": 314362000,
    "cur_liab": 148761000,
    "cash": 0,
    "equity": -235643000,
    "cash_flow_op": 50161000,
    "cash_flow_inv": -10151000,
    "cash_flow_fin": -40010000
  },
  {
    "symbol": "VSAR",
    "end_date": "2016-03-31",
    "amend": "False",
    "period_focus": "Q1",
    "fiscal_year": 2016,
    "doc_type": "10-Q",
    "revenues": "",
    "op_income": -24106000,
    "net_income": -24231000,
    "eps_basic": -0.82,
    "eps_diluted": -0.82,
    "dividend": 0,
    "assets": 164551000,
    "cur_assets": 163798000,
    "cur_liab": 9848000,
    "cash": 160933000,
    "equity": 154703000,
    "cash_flow_op": -21049000,
    "cash_flow_inv": -90000,
    "cash_flow_fin": 3000
  },
  {
    "symbol": "VRSK",
    "end_date": "2016-03-31",
    "amend": "False",
    "period_focus": "Q1",
    "fiscal_year": 2016,
    "doc_type": "10-Q",
    "revenues": 492701000,
    "op_income": 192629000,
    "net_income": 92639000,
    "eps_basic": 0.55,
    "eps_diluted": 0.54,
    "dividend": 0,
    "assets": 5459147000,
    "cur_assets": 586783000,
    "cur_liab": 1416879000,
    "cash": 131818000,
    "equity": 1290465000,
    "cash_flow_op": 303879000,
    "cash_flow_inv": -31290000,
    "cash_flow_fin": -277805000
  },
  {
    "symbol": "VRTX",
    "end_date": "2016-03-31",
    "amend": "False",
    "period_focus": "Q1",
    "fiscal_year": 2016,
    "doc_type": "10-Q",
    "revenues": 398080000,
    "op_income": -14330000,
    "net_income": -41631000,
    "eps_basic": -0.17,
    "eps_diluted": -0.17,
    "dividend": 0,
    "assets": 2487906000,
    "cur_assets": 1402835000,
    "cur_liab": 552041000,
    "cash": 604245000,
    "equity": 1116198000,
    "cash_flow_op": -15137000,
    "cash_flow_inv": -102708000,
    "cash_flow_fin": 4702000
  },
  {
    "symbol": "VVUS",
    "end_date": "2016-03-31",
    "amend": "False",
    "period_focus": "Q1",
    "fiscal_year": 2016,
    "doc_type": "10-Q",
    "revenues": 15324000,
    "op_income": -4531000,
    "net_income": -12708000,
    "eps_basic": -0.12,
    "eps_diluted": 0,
    "dividend": 0,
    "assets": 259734000,
    "cur_assets": 256424000,
    "cur_liab": 51131000,
    "cash": 83701000,
    "equity": -19104000,
    "cash_flow_op": -11738000,
    "cash_flow_inv": 2243000,
    "cash_flow_fin": -2199000
  },
  {
    "symbol": "VRTS",
    "end_date": "2016-03-31",
    "amend": "False",
    "period_focus": "Q1",
    "fiscal_year": 2016,
    "doc_type": "10-Q",
    "revenues": 80295000,
    "op_income": 12750000,
    "net_income": 12363000,
    "eps_basic": 1.48,
    "eps_diluted": 1.45,
    "dividend": 0.45,
    "assets": 781304000,
    "cur_assets": "",
    "cur_liab": "",
    "cash": 59251000,
    "equity": 505386000,
    "cash_flow_op": -38375000,
    "cash_flow_inv": -1307000,
    "cash_flow_fin": 1549000
  },
  {
    "symbol": "WFSL",
    "end_date": "2016-03-31",
    "amend": "False",
    "period_focus": "Q2",
    "fiscal_year": 2016,
    "doc_type": "10-Q",
    "revenues": 10729000,
    "op_income": "",
    "net_income": 41723000,
    "eps_basic": 0.45,
    "eps_diluted": 0.45,
    "dividend": 0.14,
    "assets": 14670823000,
    "cur_assets": "",
    "cur_liab": "",
    "cash": 276084000,
    "equity": 1962460000,
    "cash_flow_op": 135548000,
    "cash_flow_inv": -115126000,
    "cash_flow_fin": -28387000
  },
  {
    "symbol": "WBB",
    "end_date": "2016-03-31",
    "amend": "False",
    "period_focus": "Q2",
    "fiscal_year": 2016,
    "doc_type": "10-Q",
    "revenues": 7156000,
    "op_income": "",
    "net_income": 873000,
    "eps_basic": 0.23,
    "eps_diluted": 0.23,
    "dividend": 0,
    "assets": 655107000,
    "cur_assets": "",
    "cur_liab": "",
    "cash": 9594000,
    "equity": 78608000,
    "cash_flow_op": -955000,
    "cash_flow_inv": -17206000,
    "cash_flow_fin": 18019000
  },
  {
    "symbol": "WERN",
    "end_date": "2016-03-31",
    "amend": "False",
    "period_focus": "Q1",
    "fiscal_year": 2016,
    "doc_type": "10-Q",
    "revenues": 482802000,
    "op_income": 32487000,
    "net_income": 20092000,
    "eps_basic": 0.28,
    "eps_diluted": 0.28,
    "dividend": 0.06,
    "assets": 1609565000,
    "cur_assets": 343778000,
    "cur_liab": 190640000,
    "cash": 20410000,
    "equity": 949970000,
    "cash_flow_op": 91319000,
    "cash_flow_inv": -98209000,
    "cash_flow_fin": -4780000
  },
  {
    "symbol": "WMAR",
    "end_date": "2016-04-02",
    "amend": "False",
    "period_focus": "Q1",
    "fiscal_year": 2016,
    "doc_type": "10-Q",
    "revenues": 130405000,
    "op_income": -15138000,
    "net_income": -9113000,
    "eps_basic": -0.37,
    "eps_diluted": -0.37,
    "dividend": 0,
    "assets": 417512000,
    "cur_assets": 327162000,
    "cur_liab": 109127000,
    "cash": 22351000,
    "equity": 290531000,
    "cash_flow_op": -19378000,
    "cash_flow_inv": -6337000,
    "cash_flow_fin": -89000
  },
  {
    "symbol": "WABC",
    "end_date": "2016-03-31",
    "amend": "False",
    "period_focus": "Q1",
    "fiscal_year": 2016,
    "doc_type": "10-Q",
    "revenues": 45376000,
    "op_income": "",
    "net_income": 14226000,
    "eps_basic": 0.56,
    "eps_diluted": 0.56,
    "dividend": 0.39,
    "assets": 5199868000,
    "cur_assets": "",
    "cur_liab": "",
    "cash": 471164000,
    "equity": 538973000,
    "cash_flow_op": 18218000,
    "cash_flow_inv": 58195000,
    "cash_flow_fin": -38293000
  },
  {
    "symbol": "WSBC",
    "end_date": "2016-03-31",
    "amend": "False",
    "period_focus": "Q1",
    "fiscal_year": 2016,
    "doc_type": "10-Q",
    "revenues": 86994000,
    "op_income": "",
    "net_income": 22874000,
    "eps_basic": 0.6,
    "eps_diluted": 0.6,
    "dividend": 0.24,
    "assets": 8569381000,
    "cur_assets": "",
    "cur_liab": "",
    "cash": 167973000,
    "equity": 1145910000,
    "cash_flow_op": 40275000,
    "cash_flow_inv": -17112000,
    "cash_flow_fin": 58125000
  },
  {
    "symbol": "WIBC",
    "end_date": "2016-03-31",
    "amend": "False",
    "period_focus": "Q1",
    "fiscal_year": 2016,
    "doc_type": "10-Q",
    "revenues": 54707000,
    "op_income": "",
    "net_income": 13190000,
    "eps_basic": 0.17,
    "eps_diluted": 0.17,
    "dividend": 0.06,
    "assets": 4720401000,
    "cur_assets": "",
    "cur_liab": "",
    "cash": 115577000,
    "equity": 546248000,
    "cash_flow_op": -44410000,
    "cash_flow_inv": 52327000,
    "cash_flow_fin": -10533000
  },
  {
    "symbol": "XNCR",
    "end_date": "2016-03-31",
    "amend": "False",
    "period_focus": "Q1",
    "fiscal_year": 2016,
    "doc_type": "10-Q",
    "revenues": 27460000,
    "op_income": -6733000,
    "net_income": -6398000,
    "eps_basic": -0.16,
    "eps_diluted": -0.16,
    "dividend": 0,
    "assets": 193961000,
    "cur_assets": 94851000,
    "cur_liab": 34255000,
    "cash": 8150000,
    "equity": 158813000,
    "cash_flow_op": -14300000,
    "cash_flow_inv": 9660000,
    "cash_flow_fin": 200000
  }
]
