[
  {
    "symbol": "CUO",
    "end_date": "2016-01-02",
    "amend": "False",
    "period_focus": "FY",
    "fiscal_year": 2015,
    "doc_type": "10-K",
    "revenues": 136835000,
    "op_income": 2516000,
    "net_income": 1413000,
    "eps_basic": 0.85,
    "eps_diluted": 0.85,
    "dividend": 0,
    "assets": 75755000,
    "cur_assets": 46194000,
    "cur_liab": 21467000,
    "cash": 547000,
    "equity": 48416000,
    "cash_flow_op": 1558000,
    "cash_flow_inv": -2070000,
    "cash_flow_fin": 384000
  },
  {
    "symbol": "DPW",
    "end_date": "2015-12-31",
    "amend": "True",
    "period_focus": "FY",
    "fiscal_year": 2015,
    "doc_type": "10-K",
    "revenues": 7766000,
    "op_income": -1003000,
    "net_income": -1096000,
    "eps_basic": -0.16,
    "eps_diluted": -0.16,
    "dividend": 0,
    "assets": 5099000,
    "cur_assets": 4287000,
    "cur_liab": 1628000,
    "cash": 1241000,
    "equity": 3471000,
    "cash_flow_op": -529000,
    "cash_flow_inv": -306000,
    "cash_flow_fin": ""
  },
  {
    "symbol": "TOF",
    "end_date": "2016-01-02",
    "amend": "False",
    "period_focus": "FY",
    "fiscal_year": 2015,
    "doc_type": "10-K",
    "revenues": 13764000,
    "op_income": -720000,
    "net_income": -643000,
    "eps_basic": -0.12,
    "eps_diluted": -0.12,
    "dividend": 0,
    "assets": 3523000,
    "cur_assets": 3486000,
    "cur_liab": 1483000,
    "cash": 55000,
    "equity": 2024000,
    "cash_flow_op": -280000,
    "cash_flow_inv": "",
    "cash_flow_fin": -6000
  },
  {
    "symbol": "BSET",
    "end_date": "2016-02-27",
    "amend": "False",
    "period_focus": "Q1",
    "fiscal_year": 2016,
    "doc_type": "10-Q",
    "revenues": 106873000,
    "op_income": 5791000,
    "net_income": 3234000,
    "eps_basic": 0.3,
    "eps_diluted": 0.3,
    "dividend": 0,
    "assets": 273654000,
    "cur_assets": 133642000,
    "cur_liab": 71036000,
    "cash": 25113000,
    "equity": 178233000,
    "cash_flow_op": 2420000,
    "cash_flow_inv": -8548000,
    "cash_flow_fin": -5027000
  },
  {
    "symbol": "CRTN",
    "end_date": "2016-01-02",
    "amend": "False",
    "period_focus": "FY",
    "fiscal_year": 2015,
    "doc_type": "10-K",
    "revenues": 78344000,
    "op_income": -6206000,
    "net_income": -7691000,
    "eps_basic": -0.68,
    "eps_diluted": -0.91,
    "dividend": 0,
    "assets": 41359000,
    "cur_assets": 25814000,
    "cur_liab": 16401000,
    "cash": 6879000,
    "equity": 20643000,
    "cash_flow_op": -2658000,
    "cash_flow_inv": -2753000,
    "cash_flow_fin": -586000
  },
  {
    "symbol": "HOTR",
    "end_date": "2015-12-31",
    "amend": "False",
    "period_focus": "FY",
    "fiscal_year": 2015,
    "doc_type": "10-K",
    "revenues": 42396809,
    "op_income": -11487916,
    "net_income": -12136526,
    "eps_basic": -0.86,
    "eps_diluted": 0,
    "dividend": 0,
    "assets": 42205206,
    "cur_assets": 3818576,
    "cur_liab": 16181082,
    "cash": 1527886,
    "equity": 21757133,
    "cash_flow_op": -5367824,
    "cash_flow_inv": -10490651,
    "cash_flow_fin": 17138750
  },
  {
    "symbol": "CTCM",
    "end_date": "2015-12-31",
    "amend": "False",
    "period_focus": "FY",
    "fiscal_year": 2015,
    "doc_type": "10-K",
    "revenues": 6087000,
    "op_income": "",
    "net_income": -490277000,
    "eps_basic": -3.14,
    "eps_diluted": -3.14,
    "dividend": 0.17,
    "assets": 378742000,
    "cur_assets": 255926000,
    "cur_liab": 44014000,
    "cash": 209787000,
    "equity": 334728000,
    "cash_flow_op": 24826000,
    "cash_flow_inv": 186715000,
    "cash_flow_fin": -30871000
  },
  {
    "symbol": "EGLE",
    "end_date": "2015-12-31",
    "amend": "False",
    "period_focus": "FY",
    "fiscal_year": 2015,
    "doc_type": "10-K",
    "revenues": 103856876,
    "op_income": -135537564,
    "net_income": -148296965,
    "eps_basic": -3.94,
    "eps_diluted": -3.94,
    "dividend": 0,
    "assets": 787038940,
    "cur_assets": 41025427,
    "cur_liab": 37914108,
    "cash": 24896161,
    "equity": 518344462,
    "cash_flow_op": -43786769,
    "cash_flow_inv": 10251871,
    "cash_flow_fin": 18455772
  },
  {
    "symbol": "EVLV",
    "end_date": "2016-01-30",
    "amend": "False",
    "period_focus": "FY",
    "fiscal_year": 2015,
    "doc_type": "10-K",
    "revenues": 693312000,
    "op_income": -8738000,
    "net_income": -12284000,
    "eps_basic": -0.22,
    "eps_diluted": -0.22,
    "dividend": 0,
    "assets": 265763000,
    "cur_assets": 199049000,
    "cur_liab": 115349000,
    "cash": 11897000,
    "equity": 76979000,
    "cash_flow_op": -9411000,
    "cash_flow_inv": -20364000,
    "cash_flow_fin": 21844000
  },
  {
    "symbol": "GMAN",
    "end_date": "2016-01-30",
    "amend": "False",
    "period_focus": "FY",
    "fiscal_year": 2015,
    "doc_type": "10-K",
    "revenues": 648967000,
    "op_income": -1329000,
    "net_income": -4338000,
    "eps_basic": -0.22,
    "eps_diluted": -0.22,
    "dividend": 3.6,
    "assets": 230252000,
    "cur_assets": 137155000,
    "cur_liab": 115394000,
    "cash": 6969000,
    "equity": 34894000,
    "cash_flow_op": 8606000,
    "cash_flow_inv": -13638000,
    "cash_flow_fin": 4367000
  },
  {
    "symbol": "HRMN",
    "end_date": "2015-12-31",
    "amend": "False",
    "period_focus": "FY",
    "fiscal_year": 2015,
    "doc_type": "10-K",
    "revenues": "",
    "op_income": -338531,
    "net_income": -263187,
    "eps_basic": -0.06,
    "eps_diluted": -0.06,
    "dividend": 0,
    "assets": 117812946,
    "cur_assets": 371678,
    "cur_liab": 17259,
    "cash": 324991,
    "equity": 5426749,
    "cash_flow_op": -433883,
    "cash_flow_inv": -117300000,
    "cash_flow_fin": 118057759
  },
  {
    "symbol": "HNSN",
    "end_date": "2015-06-30",
    "amend": "True",
    "period_focus": "Q2",
    "fiscal_year": 2015,
    "doc_type": "10-Q",
    "revenues": 3092000,
    "op_income": -9974000,
    "net_income": -48865000,
    "eps_basic": -3,
    "eps_diluted": -3,
    "dividend": 0,
    "assets": 65010000,
    "cur_assets": 56331000,
    "cur_liab": 7828000,
    "cash": 40233000,
    "equity": 22069000,
    "cash_flow_op": -18968000,
    "cash_flow_inv": -124000,
    "cash_flow_fin": 34881000
  },
  {
    "symbol": "HNSN",
    "end_date": "2015-09-30",
    "amend": "True",
    "period_focus": "Q3",
    "fiscal_year": 2015,
    "doc_type": "10-Q",
    "revenues": 3183000,
    "op_income": -8899000,
    "net_income": -10227000,
    "eps_basic": -0.54,
    "eps_diluted": -0.54,
    "dividend": 0,
    "assets": 54705000,
    "cur_assets": 46261000,
    "cur_liab": 6569000,
    "cash": 28882000,
    "equity": 12861000,
    "cash_flow_op": -30028000,
    "cash_flow_inv": -176000,
    "cash_flow_fin": 34601000
  },
  {
    "symbol": "HQY",
    "end_date": "2016-01-31",
    "amend": "False",
    "period_focus": "FY",
    "fiscal_year": 2016,
    "doc_type": "10-K",
    "revenues": 126786000,
    "op_income": 26143000,
    "net_income": 16613000,
    "eps_basic": 0.29,
    "eps_diluted": 0.28,
    "dividend": 0,
    "assets": 219795000,
    "cur_assets": 143048000,
    "cur_liab": 12106000,
    "cash": 83641000,
    "equity": 203457000,
    "cash_flow_op": 26541000,
    "cash_flow_inv": -90552000,
    "cash_flow_fin": 36647000
  },
  {
    "symbol": "INVE",
    "end_date": "2015-12-31",
    "amend": "False",
    "period_focus": "FY",
    "fiscal_year": 2015,
    "doc_type": "10-K",
    "revenues": 60794000,
    "op_income": -35879000,
    "net_income": -39144000,
    "eps_basic": -3.62,
    "eps_diluted": -3.62,
    "dividend": 0,
    "assets": 53896000,
    "cur_assets": 41274000,
    "cur_liab": 16216000,
    "cash": 16667000,
    "equity": 14190000,
    "cash_flow_op": -23003000,
    "cash_flow_inv": -341000,
    "cash_flow_fin": 2131000
  },
  {
    "symbol": "IRIX",
    "end_date": "2016-01-02",
    "amend": "False",
    "period_focus": "FY",
    "fiscal_year": 2015,
    "doc_type": "10-K",
    "revenues": 41757000,
    "op_income": 288000,
    "net_income": 474000,
    "eps_basic": 0.05,
    "eps_diluted": 0.05,
    "dividend": 0,
    "assets": 41823000,
    "cur_assets": 30769000,
    "cur_liab": 7431000,
    "cash": 9995000,
    "equity": 33688000,
    "cash_flow_op": -593000,
    "cash_flow_inv": -1298000,
    "cash_flow_fin": -1417000
  },
  {
    "symbol": "LE",
    "end_date": "2016-01-29",
    "amend": "False",
    "period_focus": "FY",
    "fiscal_year": 2015,
    "doc_type": "10-K",
    "revenues": 1419778000,
    "op_income": -5084000,
    "net_income": -19548000,
    "eps_basic": -0.61,
    "eps_diluted": -0.61,
    "dividend": 0,
    "assets": 1288526000,
    "cur_assets": 617904000,
    "cur_liab": 230089000,
    "cash": 228368000,
    "equity": 384509000,
    "cash_flow_op": 35891000,
    "cash_flow_inv": -22224000,
    "cash_flow_fin": -5150000
  },
  {
    "symbol": "NAUH",
    "end_date": "2016-02-29",
    "amend": "False",
    "period_focus": "Q3",
    "fiscal_year": 2016,
    "doc_type": "10-Q",
    "revenues": 22678000,
    "op_income": -2844000,
    "net_income": -1891000,
    "eps_basic": -0.08,
    "eps_diluted": -0.08,
    "dividend": 0,
    "assets": 73759000,
    "cur_assets": 38714000,
    "cur_liab": 10954000,
    "cash": 22564000,
    "equity": 42416000,
    "cash_flow_op": 6596000,
    "cash_flow_inv": -840000,
    "cash_flow_fin": -6492000
  },
  {
    "symbol": "NEOG",
    "end_date": "2016-02-29",
    "amend": "False",
    "period_focus": "Q3",
    "fiscal_year": 2016,
    "doc_type": "10-Q",
    "revenues": 76725000,
    "op_income": 11254000,
    "net_income": 8311000,
    "eps_basic": 0.22,
    "eps_diluted": 0.22,
    "dividend": 0,
    "assets": 432241000,
    "cur_assets": 254940000,
    "cur_liab": 27782000,
    "cash": 66862000,
    "equity": 387874000,
    "cash_flow_op": 28012000,
    "cash_flow_inv": -37953000,
    "cash_flow_fin": 11034000
  },
  {
    "symbol": "OHGI",
    "end_date": "2015-12-31",
    "amend": "False",
    "period_focus": "FY",
    "fiscal_year": 2015,
    "doc_type": "10-K",
    "revenues": 1532000,
    "op_income": -10229000,
    "net_income": -10974000,
    "eps_basic": -0.32,
    "eps_diluted": -0.3,
    "dividend": 0,
    "assets": 15934000,
    "cur_assets": 5734000,
    "cur_liab": 556000,
    "cash": 1772000,
    "equity": 9837000,
    "cash_flow_op": -2115000,
    "cash_flow_inv": -1072000,
    "cash_flow_fin": 1787000
  },
  {
    "symbol": "PNBK",
    "end_date": "2015-12-31",
    "amend": "False",
    "period_focus": "FY",
    "fiscal_year": 2015,
    "doc_type": "10-K",
    "revenues": 25292000,
    "op_income": "",
    "net_income": 2143000,
    "eps_basic": 0.55,
    "eps_diluted": 0.55,
    "dividend": 0,
    "assets": 653531000,
    "cur_assets": "",
    "cur_liab": "",
    "cash": 2588000,
    "equity": 61464000,
    "cash_flow_op": -355000,
    "cash_flow_inv": -9704000,
    "cash_flow_fin": 15953000
  },
  {
    "symbol": "PPSI",
    "end_date": "2015-12-31",
    "amend": "False",
    "period_focus": "FY",
    "fiscal_year": 2015,
    "doc_type": "10-K",
    "revenues": 106522000,
    "op_income": -5300000,
    "net_income": -5881000,
    "eps_basic": -0.76,
    "eps_diluted": -0.76,
    "dividend": 0,
    "assets": 66939000,
    "cur_assets": 34869000,
    "cur_liab": 38308000,
    "cash": 648000,
    "equity": 27394000,
    "cash_flow_op": -3963000,
    "cash_flow_inv": -3401000,
    "cash_flow_fin": 4519000
  },
  {
    "symbol": "RGSE",
    "end_date": "2015-12-31",
    "amend": "False",
    "period_focus": "FY",
    "fiscal_year": 2015,
    "doc_type": "10-K",
    "revenues": 45527000,
    "op_income": -16825000,
    "net_income": -10780000,
    "eps_basic": -1.2,
    "eps_diluted": -1.2,
    "dividend": 0,
    "assets": 17035000,
    "cur_assets": 12399000,
    "cur_liab": 17459000,
    "cash": 594000,
    "equity": -1013000,
    "cash_flow_op": -12958000,
    "cash_flow_inv": 155000,
    "cash_flow_fin": 11450000
  },
  {
    "symbol": "SHO",
    "end_date": "2016-01-30",
    "amend": "False",
    "period_focus": "FY",
    "fiscal_year": 2015,
    "doc_type": "10-K",
    "revenues": 2287788000,
    "op_income": -42172000,
    "net_income": -27261000,
    "eps_basic": -1.2,
    "eps_diluted": -1.2,
    "dividend": 0,
    "assets": 633833000,
    "cur_assets": 487019000,
    "cur_liab": 228654000,
    "cash": 18244000,
    "equity": 402509000,
    "cash_flow_op": 25545000,
    "cash_flow_inv": -11430000,
    "cash_flow_fin": -15617000
  },
  {
    "symbol": "SMTC",
    "end_date": "2016-01-31",
    "amend": "False",
    "period_focus": "FY",
    "fiscal_year": 2016,
    "doc_type": "10-K",
    "revenues": 490219000,
    "op_income": 29999000,
    "net_income": 11497000,
    "eps_basic": 0.18,
    "eps_diluted": 0.17,
    "dividend": 0,
    "assets": 911517000,
    "cur_assets": 341221000,
    "cur_liab": 103887000,
    "cash": 211810000,
    "equity": 528051000,
    "cash_flow_op": 102076000,
    "cash_flow_inv": -66827000,
    "cash_flow_fin": -53767000
  },
  {
    "symbol": "SONC",
    "end_date": "2016-02-29",
    "amend": "False",
    "period_focus": "Q2",
    "fiscal_year": 2016,
    "doc_type": "10-Q",
    "revenues": 133160000,
    "op_income": 22212000,
    "net_income": 10819000,
    "eps_basic": 0.22,
    "eps_diluted": 0.22,
    "dividend": 0.11,
    "assets": 606747000,
    "cur_assets": 85024000,
    "cur_liab": 69484000,
    "cash": 36106000,
    "equity": -33220000,
    "cash_flow_op": 38758000,
    "cash_flow_inv": -5117000,
    "cash_flow_fin": -24726000
  },
  {
    "symbol": "AGR",
    "end_date": "2015-12-31",
    "amend": "False",
    "period_focus": "FY",
    "fiscal_year": 2015,
    "doc_type": "10-K",
    "revenues": 5958000000,
    "op_income": 513000000,
    "net_income": 267000000,
    "eps_basic": 1.05,
    "eps_diluted": 1.05,
    "dividend": 0,
    "assets": 30743000000,
    "cur_assets": 2474000000,
    "cur_liab": 2035000000,
    "cash": 427000000,
    "equity": 15066000000,
    "cash_flow_op": 1361000000,
    "cash_flow_inv": -1518000000,
    "cash_flow_fin": 102000000
  },
  {
    "symbol": "URBN",
    "end_date": "2016-01-31",
    "amend": "False",
    "period_focus": "FY",
    "fiscal_year": 2016,
    "doc_type": "10-K",
    "revenues": 3445134000,
    "op_income": 353579000,
    "net_income": 224489000,
    "eps_basic": 1.79,
    "eps_diluted": 1.78,
    "dividend": 0,
    "assets": 1833301000,
    "cur_assets": 834361000,
    "cur_liab": 329231000,
    "cash": 265276000,
    "equity": 1137227000,
    "cash_flow_op": 413420000,
    "cash_flow_inv": -26765000,
    "cash_flow_fin": -272830000
  },
  {
    "symbol": "CCL",
    "end_date": "2016-02-29",
    "amend": "False",
    "period_focus": "Q1",
    "fiscal_year": 2016,
    "doc_type": "10-Q",
    "revenues": 3651000000,
    "op_income": 434000000,
    "net_income": 142000000,
    "eps_basic": 0.18,
    "eps_diluted": 0.18,
    "dividend": 0.3,
    "assets": 38446000000,
    "cur_assets": 1860000000,
    "cur_liab": 6664000000,
    "cash": 778000000,
    "equity": 22625000000,
    "cash_flow_op": 798000000,
    "cash_flow_inv": -459000000,
    "cash_flow_fin": -947000000
  },
  {
    "symbol": "KODK",
    "end_date": "2015-12-31",
    "amend": "True",
    "period_focus": "FY",
    "fiscal_year": 2015,
    "doc_type": "10-K",
    "revenues": 1798000000,
    "op_income": 54000000,
    "net_income": -80000000,
    "eps_basic": "",
    "eps_diluted": -1.91,
    "dividend": 0,
    "assets": 2138000000,
    "cur_assets": 1278000000,
    "cur_liab": 459000000,
    "cash": 547000000,
    "equity": 103000000,
    "cash_flow_op": -95000000,
    "cash_flow_inv": -51000000,
    "cash_flow_fin": -1000000
  },
  {
    "symbol": "OAKS",
    "end_date": "2014-12-31",
    "amend": "True",
    "period_focus": "FY",
    "fiscal_year": 2014,
    "doc_type": "10-K",
    "revenues": 25596735,
    "op_income": "",
    "net_income": 426490,
    "eps_basic": 0.06,
    "eps_diluted": 0.03,
    "dividend": 1.47,
    "assets": 2922209557,
    "cur_assets": "",
    "cur_liab": "",
    "cash": 32274285,
    "equity": 212798130,
    "cash_flow_op": 20744225,
    "cash_flow_inv": -250912182,
    "cash_flow_fin": 229379311
  },
  {
    "symbol": "KKD",
    "end_date": "2016-01-31",
    "amend": "False",
    "period_focus": "FY",
    "fiscal_year": 2016,
    "doc_type": "10-K",
    "revenues": 518714000,
    "op_income": 52098000,
    "net_income": 32398000,
    "eps_basic": 0.5,
    "eps_diluted": 0.48,
    "dividend": 0,
    "assets": 342875000,
    "cur_assets": 99142000,
    "cur_liab": 49719000,
    "cash": 50785000,
    "equity": 256140000,
    "cash_flow_op": 78938000,
    "cash_flow_inv": -29156000,
    "cash_flow_fin": -49968000
  },
  {
    "symbol": "LNN",
    "end_date": "2016-02-29",
    "amend": "False",
    "period_focus": "Q2",
    "fiscal_year": 2016,
    "doc_type": "10-Q",
    "revenues": 120573000,
    "op_income": -4694000,
    "net_income": -4129000,
    "eps_basic": -0.37,
    "eps_diluted": -0.37,
    "dividend": 0.28,
    "assets": 495483000,
    "cur_assets": 284053000,
    "cur_liab": 84537000,
    "cash": 89522000,
    "equity": 251619000,
    "cash_flow_op": -5027000,
    "cash_flow_inv": -4514000,
    "cash_flow_fin": -39040000
  },
  {
    "symbol": "MOV",
    "end_date": "2016-01-31",
    "amend": "False",
    "period_focus": "FY",
    "fiscal_year": 2016,
    "doc_type": "10-K",
    "revenues": 594923000,
    "op_income": 70107000,
    "net_income": 45094000,
    "eps_basic": 1.92,
    "eps_diluted": 1.9,
    "dividend": 0.44,
    "assets": 585170000,
    "cur_assets": 489035000,
    "cur_liab": 78182000,
    "cash": 228188000,
    "equity": 441147000,
    "cash_flow_op": 74590000,
    "cash_flow_inv": -9155000,
    "cash_flow_fin": -23722000
  },
  {
    "symbol": "NMBL",
    "end_date": "2016-01-31",
    "amend": "False",
    "period_focus": "FY",
    "fiscal_year": 2016,
    "doc_type": "10-K",
    "revenues": 322215000,
    "op_income": -118636000,
    "net_income": -120069000,
    "eps_basic": -1.52,
    "eps_diluted": -1.52,
    "dividend": 0,
    "assets": 331749000,
    "cur_assets": 283591000,
    "cur_liab": 107168000,
    "cash": 211160000,
    "equity": 155608000,
    "cash_flow_op": 5755000,
    "cash_flow_inv": -25514000,
    "cash_flow_fin": 23018000
  },
  {
    "symbol": "SC",
    "end_date": "2015-12-31",
    "amend": "False",
    "period_focus": "FY",
    "fiscal_year": 2015,
    "doc_type": "10-K",
    "revenues": 6307119000,
    "op_income": "",
    "net_income": 827293000,
    "eps_basic": 2.33,
    "eps_diluted": 2.31,
    "dividend": 0,
    "assets": 36570373000,
    "cur_assets": "",
    "cur_liab": "",
    "cash": 18893000,
    "equity": 4424963000,
    "cash_flow_op": 3898765000,
    "cash_flow_inv": -7721101000,
    "cash_flow_fin": 3808072000
  },
  {
    "symbol": "TNET",
    "end_date": "2015-12-31",
    "amend": "False",
    "period_focus": "FY",
    "fiscal_year": 2015,
    "doc_type": "10-K",
    "revenues": 2659288000,
    "op_income": 78317000,
    "net_income": 31695000,
    "eps_basic": 0.45,
    "eps_diluted": 0.44,
    "dividend": 0,
    "assets": 2098230000,
    "cur_assets": 1570520000,
    "cur_liab": 1458092000,
    "cash": 166178000,
    "equity": 8081000,
    "cash_flow_op": 130599000,
    "cash_flow_inv": -37689000,
    "cash_flow_fin": -60752000
  },
  {
    "symbol": "VEEV",
    "end_date": "2016-01-31",
    "amend": "False",
    "period_focus": "FY",
    "fiscal_year": 2016,
    "doc_type": "10-K",
    "revenues": 409221000,
    "op_income": 78589000,
    "net_income": 54460000,
    "eps_basic": 0.41,
    "eps_diluted": 0.38,
    "dividend": 0,
    "assets": 705799000,
    "cur_assets": 500964000,
    "cur_liab": 186279000,
    "cash": 132179000,
    "equity": 505249000,
    "cash_flow_op": 80154000,
    "cash_flow_inv": -96683000,
    "cash_flow_fin": 19406000
  },
  {
    "symbol": "WSM",
    "end_date": "2016-01-31",
    "amend": "False",
    "period_focus": "FY",
    "fiscal_year": 2015,
    "doc_type": "10-K",
    "revenues": 4976090000,
    "op_income": 488634000,
    "net_income": 310068000,
    "eps_basic": 3.42,
    "eps_diluted": 3.37,
    "dividend": 1.4,
    "assets": 2417427000,
    "cur_assets": 1336100000,
    "cur_liab": 996427000,
    "cash": 193647000,
    "equity": 1198226000,
    "cash_flow_op": 544026000,
    "cash_flow_inv": -202166000,
    "cash_flow_fin": -369383000
  }
]
